3009 5000
285 474 352 543 326
571 474 610 541 P.
640 470 820 543 OVIDII
845 471 1070 542 NASONIS

334 614 482 689 Cuilibet
496 630 536 686 ut
553 612 660 700 dicas,
676 612 748 687 baec
766 640 901 713 quoque
916 630 1033 687 nostra
1047 612 1141 687 fuit?

284 732 334 805 Ne
351 729 479 817 desint,
495 756 581 830 quas
596 746 634 801 tu
652 728 769 823 digitis
786 729 959 805 ostendere
976 731 1108 832 possis;

216 932 219 939 1
334 849 384 920 Ut
400 874 564 947 quamque
579 844 748 938 attigeris,
763 843 876 919 sabula
894 845 1003 947 mrpis
1021 847 1115 921 erit?
1308 872 1360 923 διο

284 962 387 1038 Parva
404 989 544 1064 queror:
559 961 694 1057 lingunt
710 961 862 1062 quidam,
878 990 952 1063 que
968 991 1045 1038 vera
1057 980 1234 1060 negarent,

332 1081 378 1153 Et
395 1077 480 1153 nulli
496 1106 564 1151 non
581 1104 617 1150 se
634 1077 856 1153 concubuisse
873 1078 996 1153 ferunt.

286 1198 438 1297 Corpora
454 1194 483 1269 si
500 1211 692 1296 nequeunt,
711 1222 785 1295 quae
799 1212 946 1296 possunt
963 1195 1100 1271 nomina
1116 1213 1279 1273 tractant:

331 1314 513 1411 Famaque,
530 1339 600 1385 uon
618 1328 706 1385 tacto
725 1339 887 1412 corpore,
904 1313 1029 1387 crimen
1046 1312 1158 1387 babet.

284 1433 427 1517 Inunc,
447 1427 563 1503 claude
576 1427 684 1515 iores,
703 1445 817 1503 custos
833 1428 967 1517 odiose,
985 1429 1126 1531 puellm
1312 1452 1363 1505 635

332 1548 379 1621 Et
392 1562 526 1620 centum
540 1543 634 1619 duns
649 1544 806 1645 postibus
818 1544 904 1620 adde
917 1572 1017 1620 seras.

284 1661 379 1760 Quid
397 1662 462 1735 tuti
478 1678 645 1762 superest,
662 1690 768 1762 quum
784 1661 930 1735 nominis
946 1677 1053 1735 exstat
1070 1659 1217 1749 adulter,

332 1783 379 1855 Et
394 1778 503 1866 credi,
518 1778 613 1880 'quod
630 1804 702 1853 non
718 1779 865 1874 contigit
880 1805 970 1864 esse,
990 1776 1107 1879 cupit?

284 1901 374 1986 Nos,
393 1898 491 1972 etiam
508 1924 621 1985 ueros,
638 1924 737 1998 parce
755 1894 954 1996 profitemur
969 1922 1120 1984 amores3

331 2016 499 2114 Tectaque
517 2030 597 2089 sunt
613 2011 721 2088 solida
739 2013 879 2114 mystica
895 2010 986 2086 liuta
1002 2011 1078 2086 fide.
1314 2030 1366 2099 διο

284 2163 441 2237 Pinum
458 2162 625 2263 praecipue
643 2162 723 2235 vitia
739 2161 941 2262 exprobrare
960 2159 1101 2262 puellae,

335 2275 425 2351 Utile
444 2306 518 2378 qua
534 2276 650 2351 multis
669 2276 895 2353 dissimulasse
912 2276 988 2351 fuit.

283 2394 353 2466 Nec
371 2421 452 2467 suus
470 2392 691 2469 Andromedae
706 2393 800 2470 color
815 2412 868 2471 est
885 2394 1040 2494 objectus
1058 2391 1100 2466 ab
1117 2390 1197 2481 illo,

334 2509 477 2584 Mobilis
495 2511 531 2584 in
548 2511 682 2605 gemino
699 2512 754 2586 cui
771 2513 856 2614 pede
871 2541 982 2615 penna
996 2512 1072 2585 suit.

286 2697 359 2750 dum.
374 2697 407 2749 ln
424 2707 518 2767 quarto
533 2709 621 2751 autem
635 2717 732 2766 versu,
749 2699 796 2752 ubi
881 2701 938 2754 635.
948 2702 986 2753 ΕΙ
991 2707 1090 2755 centum
1097 2702 1168 2752 dun's
1173 2699 1368 2766 postumam

286 2776 400 2830 Merula>
410 2775 585 2842 editiohabet,
596 2779 648 2830 Nec
656 2797 800 2846 quanquam
848 2797 928 2831 seras.
942 2779 1027 2840 obde,
1042 2777 1154 2846 Regius,
1167 2793 1231 2829 cum
1240 2773 1368 2846 Scaligeri

285 2861 416 2925 alligeris,
433 2875 529 2925 sequor
550 2855 675 2911 Aldinam
698 2855 801 2911 editio-
850 2856 978 2926 excerptis
994 2865 1021 2908 et
1040 2854 1097 2908 aliis
1116 2851 1261 2907 nonnullis.
1277 2851 1325 2906 sic
1341 2862 1367 2906 et

287 2953 368 3001 nem,
381 2932 508 3005 legoque:
850 2929 1261 3002 obderepessulnmfhn'busapud
1270 2927 1368 2983 Comi-

311 3019 341 3057 U¹
351 3031 450 3070 ’ΜΨ
457 3017 544 3068 attigui·
552 3047 559 3068 ι
568 3017 634 3056 Μ·
644 3017 708 3069 surpta
716 3017 763 3057 ²¹4¹·
850 3029 901 3065 cos.
914 3010 1062 3065 Reddenda
1071 3022 1111 3065 est
1118 3030 1149 3064 ea
1160 3028 1210 3062 vox
1223 3008 1367 3079 Propertio

289 3093 440 3160 Quanquam
456 3111 544 3161 neque
566 3091 630 3144 illud
650 3089 800 3160 displiceat,
852 3089 879 3143 ll
891 3129 898 3156 ,
911 3089 984 3160 Eleg.
998 3105 1045 3156 vl,
1058 3109 1093 3163 q,
1107 3087 1139 3142 ad
1151 3085 1318 3160 cynthiam:

286 3171 306 3223 si
318 3171 376 3239 quis
384 3169 524 3240 legendum
533 3181 617 3240 putet,
626 3176 652 3223 e!
661 3187 803 3239 quanqum
851 3182 910 3222 Am
918 3184 1105 3235 egomenum
1114 3182 1182 3220 nutu
1190 3181 1259 3220 eum
1268 3181 1366 3230 nuru,

286 3251 417 3315 allabens,
425 3267 475 3318 pro
483 3260 510 3302 et
520 3266 721 3318 quamcumque.
733 3249 804 3302 Μιο.
874 3257 990 3307 laniem
999 3256 1046 3294 usis
1056 3257 1128 3295 obdu
1139 3255 1270 3294 luninitu?

319 3325 376 3377 633.
388 3328 498 3392 Corpora
503 3333 531 3378 sr'
539 3335 671 3396 nequeunt,
681 3345 804 3396 paepos-
851 3329 895 3369 Ab!
908 3339 1001 3369 ww·
1010 3331 1078 3382 quates
1086 3329 1159 3368 sm
1167 3330 1204 3368 ¹5⁸
1211 3329 1262 3368 fibi·
1272 3341 1365 3377 w,

192 3461 197 3468 ,
287 3411 347 3457 suu!
353 3408 456 3456 nouerim
468 3410 587 3458 tractant.
605 3407 729 3458 Tractare!
740 3422 803 3458 vera
875 3403 1216 3443 'libi's'ffl'ssffllfffflssffl'

287 3492 315 3534 et
327 3482 404 3536 unica
423 3479 501 3534 lectio
514 3490 570 3544 est;
585 3479 618 3534 de
631 3501 682 3551 qua
697 3481 758 3534 ride
771 3480 803 3534 ad
852 3481 897 3537 Sic
908 3483 981 3536 euim
999 3483 1070 3536 locus
1087 3481 1130 3536 ille
1149 3481 1366 3538 mendosissimus

287 3560 397 3614 Peteon.
415 3575 525 3612 cxxxvi.
540 3560 659 3627 Tangere!
674 3559 804 3612 editiones
851 3559 1059 3615 constituendus.
1074 3561 1129 3615 Pro
1139 3565 1245 3624 obdita,
1268 3561 1366 3632 malgati

287 3637 406 3707 priores,
422 3635 482 3689 ΑΜ.
498 3635 588 3708 Micyl.
607 3648 633 3690 et
654 3637 757 3689 Bersur.
776 3647 804 3690 et
850 3638 927 3694 nullo
943 3639 1366 3709 sensu,perd1·ta:2eripci,m

287 3714 375 3783 scripti
391 3723 512 3783 quatuor.
532 3712 624 3766 Posset
640 3713 719 3766 etiarn
736 3713 802 3782 legi,
850 3720 914 3768 data.
931 3714 1155 3770 naras-vide
1175 3735 1235 3785 quo
1255 3715 1291 3770 ad
1311 3715 1366 3769 boc

288 3811 338 3859 quc
345 3800 469 3861 possunt,
484 3801 514 3845 ut
525 3809 591 3861 supe
609 3791 676 3844 alibi.
689 3791 758 3844 Vide
771 3791 804 3844 ad
853 3792 972 3850 Broukb.
984 3813 1009 3863 p.
1025 3798 1080 3847 105.

290 3869 371 3938 Epist.
385 3887 457 3938 ιιιιι,
472 3874 511 3937 4ι.
526 3872 623 3923 Ruunt.
890 3871 948 3938 641.
970 3873 1131 3939 Exprobrate
1144 3873 1247 3938 puellis.
1267 3875 1365 3926 Puella

290 3967 292 3970 ·
321 3947 379 4014 634.
397 3951 600 4018 Famaque,non
606 3947 802 4016 scrutaminum,
850 3948 929 4004 multi
942 3949 1203 4020 exscripsisflrms
1222 3953 1360 4012 Prolem,

289 4029 382 4077 crimea
405 4029 486 4078 hadel.
510 4027 611 4080 Parum
631 4027 733 4093 latine,
753 4027 804 4080 nisi
851 4027 931 4080 multi
945 4026 1016 4080 editi.

289 4101 410 4154 fallimur.
424 4104 497 4157 Bene
509 4105 537 4158 in
550 4105 671 4159 Palatino
680 4105 800 4172 Gruteri‚
885 4107 943 4173 642.
957 4107 1087 4177 Utileque
1094 4108 1264 4160 marsiliam
1270 4109 1362 4162 ultis.

290 4188 317 4230 et
331 4179 440 4247 antiquo
452 4179 593 4251 Scaliger-i:
853 4183 1364 4255 Regius:alii,quod:primaeditio,et

312 4259 424 4313 Meu,
432 4273 472 4303 »ω
479 4269 532 4304 “⁶¹⁰
541 4277 632 4316 eorpus,
641 4267 715 4306 utm
725 4265 791 4306 Μ·
852 4262 945 4316 decem
956 4263 1062 4334 scripti,
1074 4283 1156 4333 quam.
