3009 5000
297 425 363 511 412
576 429 617 494 r.
654 426 833 497 ovrnrr
861 426 1089 501 nnsonrs

294 568 461 642 Pttowrr
476 564 616 642 adsidue
630 568 722 643 vitiis
740 568 895 645 insistere
913 572 1024 647 amicae
1043 602 1052 645 t

344 683 453 785 quue
469 682 553 757 mihi
568 682 695 759 factum
712 713 799 787 sape
817 685 950 762 salubre
967 689 1043 763 fuit.

297 801 411 899 Quam
427 799 515 875 mala
531 819 612 875 sunt
626 820 769 889 nostrae,
787 802 957 893 dicebam,
975 834 1073 881 crura
1089 804 1228 907 puella!

345 919 416 992 Nec
431 936 559 1007 tamen,
578 936 618 991 nt
633 916 708 994 vere
727 921 966 1011 confiteamur,
981 940 1084 997 erant.

294 1033 438 1109 Brachia
458 1064 559 1137 quam
575 1066 645 1110 non
662 1056 743 1111 sunt
759 1057 883 1113 nostrae
900 1039 1048 1114 formosa
1065 1038 1205 1142 puellae!

348 1153 395 1225 Et
409 1170 538 1240 tamen,
555 1171 595 1228 nt
612 1183 688 1229 vere
706 1154 940 1246 confiteamur,
955 1174 1060 1234 erant.
1328 1177 1376 1229 320

298 1269 412 1367 Quam
420 1268 532 1344 brevis
542 1273 609 1345 cst!
621 1300 683 1347 nec
694 1290 781 1347 crat:
795 1300 894 1373 quam
904 1272 1049 1347 muitum
1060 1273 1171 1375 poscit
1182 1275 1362 1347 amantem!

348 1386 439 1459 Hinc
455 1386 534 1461 odio
552 1388 644 1462 venit
660 1390 803 1463 maxima
821 1418 921 1464 causa
938 1419 1023 1465 mco.

297 1503 344 1576 Et
359 1501 446 1577 mala
462 1521 543 1577 sunt
559 1505 667 1579 vicina
683 1505 806 1593 bonis;
822 1535 935 1581 errore
949 1508 1014 1581 sub
1032 1504 1093 1580 illo

348 1618 417 1691 Pro
434 1617 516 1692 vitio
535 1619 642 1695 virtus
659 1621 799 1695 crimina
820 1650 907 1723 saepe
926 1620 1014 1695 tulit.

181 1812 188 1823 ,,
301 1733 413 1831 Quam
429 1753 544 1836 potes,
559 1737 596 1810 in
612 1737 709 1838 pejus
726 1737 823 1813 dotes
839 1736 974 1813 deflecte
991 1735 1130 1838 puellae,
1331 1756 1378 1809 ³25

349 1850 588 1955 Judiciumque
603 1854 698 1929 brevi
714 1853 820 1931 limite
838 1853 915 1929 falle
935 1874 1041 1929 tuurn.

260 1972 264 1977 ’
300 1968 469 2065 Turgida,
489 1970 517 2044 si
535 1969 637 2072 plena
652 1990 704 2045 est
722 1972 776 2045 :si
794 1972 887 2046 fusca
904 1990 971 2060 est,
989 1972 1086 2068 nigra
1103 1988 1254 2046 vocetur.

348 2087 391 2159 ln
408 2087 524 2183 gracili
541 2088 663 2164 macies
681 2088 807 2163 crimen
823 2087 947 2163 habere
964 2105 1089 2189 potest.

301 2212 349 2283 Et
365 2212 493 2312 poterit
510 2211 575 2287 dici
592 2211 768 2314 petulans,
784 2242 858 2317 quae
874 2215 1000 2288 rustica
1016 2240 1087 2286 non
1104 2228 1175 2286 est:

352 2335 399 2408 Et
414 2334 541 2437 poterit
560 2335 627 2409 dici
644 2337 784 2425 rustica,
803 2338 832 2411 si
850 2366 915 2438 qua
933 2336 1041 2439 proba
1058 2350 1119 2409 est.
1337 2354 1381 2406 330

306 2457 535 2556 Quinetiam,
553 2488 763 2562 quacumque
780 2478 870 2536 caret
887 2478 945 2535 tua
960 2459 1083 2535 semina
1099 2457 1195 2547 dote,

357 2584 454 2659 Hanc
470 2603 622 2676 moveat,
635 2585 771 2661 blandis
789 2615 896 2689 usque
916 2615 1058 2689 precare
1069 2584 1174 2660 sonis.

310 2809 362 2859 tuti
378 2807 464 2860 odri's:
482 2806 535 2861 dixi
548 2827 642 2879 supra,
655 2807 688 2863 ad
702 2809 758 2877 ¹43·
771 2808 827 2864 Se·
876 2819 999 2863 veteres:
1015 2809 1055 2861 Et
1067 2809 1155 2870 modo,
1170 2823 1253 2876 qnam
1269 2812 1384 2875 poterat,

312 2887 406 2954 quenti
415 2905 493 2942 versu
500 2887 603 2957 ,posses
614 2907 663 2959 pro
669 2907 762 2958 posses
772 2909 828 2944 me·
874 2892 955 2941 latum
961 2889 1095 2954 spectabat
1103 2891 1130 2938 r'n
1141 2903 1231 2953 equor.
1242 2884 1303 2938 vat.
1311 2881 1386 2936 biari-

311 2963 399 3020 liores.
414 2967 513 3022 Httttts.
876 2985 946 3033 mus,
956 2966 1023 3019 libro
1036 2965 1085 3032 IV,
1097 2983 1151 3034 cap.
1165 2980 1190 3030 1,
1201 2962 1217 3032 §
1230 2965 1262 3016 5:
1277 2961 1386 3016 «Fabius

344 3045 403 3118 ³¹9·
417 3048 540 3102 Bracheia.
552 3049 613 3102 Hoc
623 3047 754 3102 distichon
764 3047 827 3103 dee·
876 3045 1029 3112 Maximus,
1039 3061 1122 3113 quum
1130 3061 1146 3095 a
1155 3061 1182 3096 se
1194 3040 1352 3111 quinquies,
1365 3047 1387 3090 et

313 3132 356 3178 rat
364 3124 392 3178 in
401 3124 522 3179 Lincoln.
534 3137 562 3180 et
573 3128 696 3181 Francos.
708 3137 735 3181 et
745 3127 773 3180 in
782 3146 827 3180 an·
876 3144 892 3178 a
903 3136 985 3195 patre,
999 3142 1058 3191 avo,
1073 3141 1181 3193 proavo,
1194 3121 1386 3188 maioribusque

314 3201 395 3272 siquis
405 3203 563 3273 quibusdam
574 3205 734 3260 editionibus
743 3217 771 3260 et
783 3205 828 3260 At·
874 3205 928 3257 suis
939 3222 1008 3274 saepe
1020 3221 1135 3256 numero
1146 3199 1316 3254 consulatum
1330 3215 1386 3285 ges·-

314 3277 378 3334 dina
389 3282 486 3350 priore.
876 3291 936 3336 turn
948 3280 1189 3344 animadverteret,
1202 3277 1327 3344 oomitiis,
1342 3293 1389 3344 qut·

347 3360 406 3414 διο.
420 3365 475 3417 Nec
490 3370 581 3419 tamen.
598 3366 637 3417 Et
646 3372 730 3419 taurea
743 3363 828 3418 scribe
877 3361 926 3414 bus
933 3359 1314 3428 filiuseiussummoconsensu
1324 3352 1389 3406 Con·

314 3457 378 3493 curn
398 3439 552 3510 Puteaneo,
573 3453 601 3498 et
618 3442 829 3515 Argentinensi:
878 3439 919 3493 sui
930 3437 1088 3504 creabatur,
1112 3455 1187 3505 qnam
1199 3439 1304 3503 poluit,
1324 3451 1389 3524 ron-

316 3519 393 3573 aliter
403 3539 495 3574 sensus
505 3541 562 3576 non
574 3525 706 3578 constabit
717 3545 725 3578 ε
743 3535 771 3577 et
782 3543 830 3577 se-
878 3527 979 3572 stanter
985 3533 1048 3570 curn
1058 3513 1157 3586 populo
1164 3514 1231 3584 egit.
1241 3523 1275 3566 ut
1286 3523 1389 3566 varano

315 3599 410 3668 quenti
420 3618 515 3667 versu,
531 3602 614 3666 Quam
625 3604 707 3655 δισσὴ
717 3601 771 3655 est!
784 3619 831 3654 nec
880 3615 943 3650 nem
951 3595 1092 3665 aliquando
1100 3594 1180 3664 hujus
1190 3592 1303 3645 honoris
1310 3589 1391 3644 Fabia

314 3684 373 3729 emt
392 3697 401 3729 .·
423 3697 486 3732 cum
505 3677 602 3733 eodem
624 3681 780 3746 Puteaneo,
804 3687 832 3731 et
881 3675 954 3746 genti
966 3673 1073 3728 daret»
1087 3673 1190 3727 Herus.

318 3752 494 3810 dnobusaiiis
914 3752 1234 3827 3aq.Qems!r'ca.Qnrir
1241 3753 1390 3836 rusticum

348 3832 407 3885 323.
428 3836 468 3888 E!
482 3839 553 3888 mah
569 3842 632 3889 sunt
643 3839 732 3890 w'ciua
751 3837 832 3888 tono.
881 3841 922 3889 es!
931 3833 1054 3886 Francos.
1063 3835 1095 3893 εἰ,
1110 3831 1240 3895 Puteum,
1254 3837 1283 3882 et
1294 3845 1338 3880 sex
1347 3825 1391 3878 ahi.

316 3905 834 3979 1ae30;tstmtasuaetvicieatonis,·hoc
915 3911 972 3963 331.
983 3912 1110 3964 Carecina
1118 3909 1276 3974 dotepuelle.
1295 3903 1391 3971 Tusc-

320 3999 377 4056 eet,
391 3993 628 4060 quemadmodum.
643 3992 745 4046 Herus.
883 3993 953 4042 mina
964 3991 1035 4049 dole,
1050 3987 1140 4057 scripti
1150 3986 1207 4039 sere
1216 4002 1324 4050 omnes,
1337 3997 1390 4034 eum

352 4069 410 4124 32⁵.
425 4073 509 4137 Quam
514 4079 596 4141 potes.
610 4073 726 4141 Regius,
739 4071 835 4124 Putea·
883 4068 969 4139 prima
982 4066 1098 4120 editione
1109 4089 1116 4132 ;
1128 4066 1204 4119 bene.
1224 4065 1265 4118 lta
1273 4081 1339 4132 sepe
1349 4079 1391 4132 pro

320 4167 388 4203 neus
398 4187 406 4216 ,
417 4159 446 4202 et
453 4149 542 4219 plures
551 4151 594 4204 aiii
604 4191 612 4217 ,
629 4153 784 4218 Quapotest
797 4147 835 4204 nii
884 4147 968 4200 amica
980 4146 1097 4200 Noster:
1109 4163 1173 4200 narn
1181 4147 1272 4216 puella
1278 4160 1340 4196 mox
1350 4159 1390 4194 se-

317 4236 402 4281 muta.
424 4225 469 4281 Sic
485 4227 555 4282 infra
565 4232 633 4301 595,
647 4228 708 4282 libri
723 4227 833 4298 quidam
886 4226 985 4296 quitur.
1000 4225 1101 4280 Hrtrtts
