3009 5000
311 524 477 595 ARTIS
507 526 814 599 AMATORIAE
834 528 937 595 LIB.
963 530 1015 595 ΙΙ.

129 672 238 768 Quem
256 684 389 741 taurum
406 667 548 756 metuis,
564 664 708 743 vitulum
726 664 872 742 mulcere
888 666 1022 743 solebas
1033 700 1051 743 :⁴

174 784 248 861 Sub
268 814 334 887 qua
351 814 442 859 nuno
458 786 598 861 recubas
616 787 753 874 arbore,
773 786 866 882 virga
882 786 961 861 fuit.

128 903 285 978 Nascitur
299 902 456 997 exiguus,
475 902 534 977 sed
553 930 635 1004 opes
654 902 804 1003 adquirit
822 902 960 992 eundo,

177 1000 321 1120 Quaque
339 1019 449 1106 venit,
467 1016 589 1093 multas
606 1019 728 1121 accipit
746 1018 854 1093 amnis
871 1048 988 1121 aquas.

128 1138 155 1209 F
155 1165 192 1209 ac
209 1134 273 1209 tibi
293 1151 511 1211 consuescat:
525 1134 574 1209 nil
592 1135 837 1211 consuetudine
853 1137 985 1236 majus!

24 1336 25 1341 ἵ
131 1332 134 1341 ,
176 1253 290 1349 Quam
308 1252 371 1325 tibi
390 1251 470 1326 dum
489 1252 617 1355 capias,
634 1253 731 1328 taedia
748 1252 844 1328 nulla
861 1253 951 1349 fuge.

130 1370 177 1443 Te
195 1396 327 1471 semper
340 1368 451 1445 videat
465 1398 473 1443 :
489 1369 553 1445 tibi
571 1398 703 1471 semper
718 1371 867 1473 prebeat
884 1399 1019 1447 aurem:

177 1485 346 1561 Exhibeat
359 1482 476 1561 eiiltus
487 1515 623 1588 noxque
642 1486 781 1589 diesque
799 1505 887 1563 tuos.

131 1602 248 1699 Quum
264 1602 328 1676 tibi
345 1603 453 1703 major
468 1604 533 1679 erit
549 1604 672 1679 fiducia
687 1634 790 1708 posse
806 1604 956 1706 requiri,

177 1720 266 1793 Tum
281 1719 419 1821 procul,
437 1721 570 1796 absenti
589 1722 840 1811 corastinum,
858 1722 925 1797 abi.

133 1836 183 1909 lla
198 1837 371 1938 requiem:
386 1838 559 1939 requietus
577 1868 656 1933 ager
671 1839 759 1914 bene
778 1838 904 1913 credita
919 1838 1051 1925 reddit;

179 1954 348 2056 Terraque
366 1954 512 2030 celestes
530 1955 623 2031 arida
640 1956 759 2031 sorbet
773 1983 889 2056 aquas.

133 2066 286 2169 Phyllida
299 2071 530 2173 Demophoon
545 2100 692 2173 praesens
708 2071 915 2179 moderatius
931 2072 1041 2146 ussit:

180 2194 317 2269 Exarsit
333 2192 415 2269 velis
433 2195 541 2270 aurius
556 2193 616 2270 illa
634 2194 730 2270 datis.

1140 531 1206 619 309

1158 1158 1210 1227 aas

1160 1744 1211 1795 3:¹¹⁰

134 2408 648 2482 ueeditionisnequutivetereseditions

156 2496 177 2535 tn
186 2494 236 2536 lens
245 2497 353 2546 nutrieris,
363 2507 451 2550 ternpore
459 2500 527 2538 fimus
536 2503 581 2540 erit.

137 2571 269 2637 Tempore,
283 2569 326 2625 hic
344 2582 383 2625 cst
395 2573 538 2643 paulatim
551 2574 573 2628 si
590 2595 648 2630 uu·-

133 2649 233 2716 tn'eris,
247 2649 298 2702 erit
309 2649 403 2706 firmus
416 2661 544 2722 tempore.

165 2729 222 2797 341.
238 2731 317 2796 (luem
328 2739 425 2786 laurum
434 2739 532 2786 metuas.
545 2736 650 2790 muas

134 2807 279 2862 Vaticanus
297 2809 382 2864 bene:
397 2829 477 2879 quem
494 2830 594 2880 posses,
607 2813 650 2868 vel

134 2884 244 2942 deberes
263 2897 384 2942 metuere
398 2907 404 2941 ι
418 2886 536 2956 deinde,
552 2893 651 2944 mollin

134 2967 249 3028 solebas,
264 2965 378 3034 Aprosii.

166 3043 224 3110 343.
245 3045 321 3109 Opes.
340 3041 417 3096 Idem
434 3043 583 3114 significant
606 3045 649 3102 hic

133 3141 207 3188 opes,
227 3121 300 3192 quod
320 3128 388 3176 vim
407 3122 477 3194 apud
495 3124 586 3195 Virgit
597 3143 648 3194 tr,

136 3197 243 3255 AEneid.
264 3205 310 3272 175
328 3206 415 3254 :vires
434 3205 547 3272 adqm'n'l
561 3208 649 3258 cundo.

167 3277 225 3346 346.
246 3279 349 3346 qurirs.
360 3283 457 3348 Capias
469 3300 537 3335 unus
549 3283 651 3336 Vatica-

135 3375 185 3410 nus
196 3377 203 3410 :
216 3355 318 3428 placet,
331 3367 360 3411 ut
372 3356 404 3412 de
415 3358 501 3428 puella
513 3359 650 3430 intelliga-

135 3446 186 3490 tur.
192 3436 295 3490 illins·
303 3436 561 3492 Inconcinneserruo
568 3439 650 3494 hicad

135 3513 251 3584 puellam
260 3525 427 3582 verteretur,
447 3535 530 3586 quum
540 3521 566 3571 ri
576 3537 650 3584 qnam

135 3591 277 3646 manifeste
290 3591 387 3663 exlege
398 3595 529 3648 sermonis
543 3595 630 3650 Latini
641 3635 649 3662 ,

135 3673 166 3727 ad
178 3677 384 3727 cousuetudinem
404 3675 437 3728 sit
456 3674 649 3730 referendum:

135 3771 216 3822 qnare
227 3751 350 3806 insistens
357 3752 446 3822 priscis
454 3751 614 3808 editionibus
624 3763 652 3808 et

134 3829 650 3904 Patavino,cttribusaliisscriptisdego:

158 3914 225 3963 Qum
232 3913 270 3951 nti
280 3913 329 3954 dum
337 3915 403 3966 apin
411 3943 418 3964 ,
427 3915 486 3954 rodi·
493 3917 549 3954 nulls
558 3915 611 3966 suge.

134 3987 202 4055 vet,
213 3986 286 4058 quod
299 3987 421 4054 mallem,
432 3996 472 4053 tu,
482 3992 541 4044 dum
553 3995 651 4057 capiat:

133 4065 220 4136 puella
228 4065 326 4122 scilicet
335 4067 373 4120 tui
380 4065 600 4122 consuetudinem
609 4085 651 4122 ca·

129 4153 210 4214 piat:
223 4145 329 4217 elegans
346 4147 419 4201 eninr
435 4147 549 4214 locutio,
564 4165 652 4214 capere

134 4227 347 4288 cousuetudinem,
355 4225 459 4294 prosibi
467 4226 554 4280 sacere
562 4243 650 4293 usum,

136 4301 264 4374 paulatim
277 4301 438 4358 adsuescere.
451 4301 542 4374 Quam
555 4303 651 4373 exqui-

696 2414 774 2469 sitam
782 2412 941 2484 elegantiam
951 2430 1050 2483 parum
1055 2410 1138 2465 abluit
1146 2412 1212 2481 quin

697 2503 751 2547 cta
767 2492 904 2547 Ciceronis
920 2511 1018 2545 venere
1037 2490 1153 2544 exsulare
1166 2492 1210 2544 se-

696 2571 794 2625 cissent
810 2571 860 2624 viri
880 2569 958 2624 docti.
977 2569 1025 2623 llle
1040 2569 1113 2622 enim
1126 2568 1168 2621 tib.
1182 2587 1211 2635 r,

697 2648 731 2703 de
744 2648 825 2704 Offic
841 2652 889 2704 18:
902 2673 916 2696 «
926 2650 993 2702 Haec
1011 2648 1092 2720 igitur
1107 2659 1135 2701 et
1151 2647 1212 2701 talia

697 2728 932 2801 circumspicienda
942 2738 1020 2796 sunt,
1032 2729 1060 2781 in
1078 2727 1153 2781 omni
1166 2729 1212 2780 os-

698 2807 781 2874 ficio,
800 2817 830 2860 et
844 2812 998 2862 consuetudo
1009 2807 1212 2876 exercitatioque

697 2887 836 2952 capitatia,
847 2895 877 2937 ut
888 2884 952 2937 boni
964 2883 1162 2938 ratiocinatores
1171 2878 1214 2935 osss

698 2963 822 3016 liciorum
833 2983 888 3017 esse
904 2963 1050 3034 possimus:
1064 2985 1078 3009 ν
1091 2965 1135 3016 ubi
1148 2964 1213 3032 qni-

699 3039 762 3094 dam
771 3043 931 3104 adicienda,
946 3040 1104 3094 Guilelmius
1115 3060 1214 3095 venus·

699 3121 750 3174 tius
754 3118 882 3186 sacrinda
893 3119 1008 3190 putabat.
1020 3119 1119 3173 Buan.

732 3199 790 3264 348.
805 3199 937 3250 Exhibeat
944 3201 1037 3250 vultus.
1049 3200 1211 3262 Ezmeaar,

699 3295 769 3330 nnus
786 3277 893 3348 Regius.
908 3277 1000 3347 Recte.
1013 3278 1114 3333 Herus.
1132 3280 1216 3334 Amat

700 3355 828 3408 Heinsius
836 3354 935 3424 ubique
944 3355 1004 3410 talia
1014 3355 1214 3412 inculcarezscd

698 3443 771 3488 certe
778 3431 886 3486 obtrudi
892 3451 947 3486 non
956 3443 1043 3504 potest
1052 3433 1101 3503 Ep.
1109 3435 1212 3500 unat:

723 3522 800 3560 ΕΜ
811 3521 878 3564 anino
884 3533 963 3574 noxque
970 3521 1054 3573 dicsquae
1061 3522 1129 3576 refert.
1138 3523 1215 3560 Bona.

732 3595 790 3647 350.
806 3596 870 3648 Tum
877 3599 971 3662 procul
976 3605 1026 3648 etc
1037 3594 1150 3664 Regius,
1159 3593 1212 3646 alii·

700 3691 751 3742 que
764 3673 889 3727 nonnulli
902 3693 909 3728 ι
922 3693 995 3744 qm
1002 3675 1097 3742 procul
1108 3682 1157 3726 ete.
1164 3711 1173 3740 ‚
1186 3682 1214 3725 et

699 3757 764 3814 etri,
780 3772 829 3823 pro
839 3758 892 3806 abi.

733 3831 791 3884 351.
799 3835 1012 3900 Requretusqer.
1021 3830 1216 3900 Proprieznam

700 3907 737 3961 ita
748 3909 798 3962 Rei
807 3909 921 3963 llusticae
929 3918 1047 3962 auctores
1057 3907 1151 3964 solent.
1159 3908 1217 3963 Co-

700 3986 802 4041 lumell.
819 4005 860 4055 11,
879 4005 933 4060 qq:
953 3989 1038 4055 Atque
1052 3991 1102 4039 illa
1118 3993 1217 4043 m'cr'bn

699 4084 822 4120 annornm
833 4065 984 4134 requietum
995 4068 1167 4135 agitatumque
1174 4070 1217 4119 al·

699 4147 795 4204 lemn,
817 4148 844 4195 el
859 4162 934 4211 quam
954 4145 1112 4196 latissimum
1129 4147 1220 4196 wlunt

700 4239 796 4288 agrurn.
808 4219 851 4273 De
859 4213 978 4274 'abortu
990 4239 1045 4290 cap.
1059 4224 1220 4294 nulnum

701 4304 811 4368 requtilo
827 4304 926 4354 vticam
938 4304 1036 4369 pontin
1053 4301 1152 4357 Buntt.
