3009 5000
333 376 398 482 ara
619 411 658 475 r.
684 409 867 477 ovruu
896 406 1128 476 uisurus

331 558 403 656 Qui
421 554 487 631 sibi
504 571 606 628 notus
624 554 701 641 erit,
716 552 808 635 solus
826 551 993 653 sapienter
1007 552 1159 641 amabit'3

380 680 493 778 Atque
511 701 603 775 opue¹
614 672 657 747 ad
674 671 762 750 vires
781 670 890 766 exiget
907 698 1005 743 omne
1022 698 1109 743 suas.

332 794 398 870 Cui
414 792 529 869 faciem
546 807 664 864 natura
683 787 794 875 dedit,
810 804 980 888 spectetur
995 786 1038 860 ab
1055 786 1135 860 illa:

382 908 447 983 Cui
464 903 556 981 color
573 922 638 993 est,
654 904 795 979 humero
810 931 899 1005 sape
913 920 1048 1004 patente
1066 902 1176 977 cubet.

332 1025 403 1123 Qui
421 1049 571 1098 sermone
586 1020 714 1122 placet,
733 1020 897 1095 taciturna
915 1018 1047 1093 silentia
1062 1019 1166 1091 vitet:
1362 1042 1406 1093 505

381 1141 452 1238 Qui
471 1140 560 1214 canit
572 1153 661 1226 arte,
677 1156 793 1213 canat:
809 1138 870 1238 qui
885 1137 976 1210 bibit
989 1154 1080 1224 arte,
1098 1137 1206 1211 bibat

332 1258 399 1334 Sed
412 1286 521 1359 neque
539 1253 724 1333 declament
740 1254 852 1329 medio
868 1282 1022 1328 sermone
1038 1253 1175 1342 diserti3

381 1376 452 1447 Nec
470 1402 530 1447 sua
545 1401 614 1445 non
631 1400 733 1447 sanus
750 1370 877 1472 scripta
893 1388 992 1471 poeta
1008 1369 1106 1466 legat.
1123 1402 1143 1436 o

333 1490 388 1565 Sic
406 1490 539 1565 monuit
555 1488 726 1564 Phoebus:
742 1487 875 1562 Phoebo
892 1504 1006 1587 parete
1021 1486 1194 1561 monenti:

383 1607 483 1679 Certa
499 1605 565 1678 Dei
579 1632 672 1683 sacro
690 1603 742 1677 es't
760 1602 863 1702 hujus
879 1601 915 1675 in
933 1630 990 1677 ore
1006 1601 1100 1677 fides.
1367 1623 1410 1674 διο

229 1774 240 1782 -
333 1721 390 1799 Ad
404 1720 562 1821 propiora
577 1722 702 1795 vocor!
721 1718 890 1819 Quisquis
908 1717 1076 1818 sapienter
1092 1716 1237 1805 amabit,

383 1841 521 1926 Vincet,
538 1856 572 1912 et
586 1854 746 1926 eunoun,
763 1835 856 1939 quod
874 1852 987 1936 petet,
1002 1850 1073 1909 arte
1087 1832 1181 1907 seret

334 1954 470 2031 Credita
485 1982 546 2029 nec
564 1981 694 2055 semper
711 1951 797 2029 sulci
813 1980 891 2025 cum
906 1949 1033 2027 loenore
1050 1948 1217 2039 reddunt3

384 2073 454 2144 Nec
473 2098 604 2173 semper
621 2068 742 2143 dubias
760 2067 894 2167 adjuvat
910 2096 991 2143 aura
1008 2082 1105 2143 rates.

219 2262 223 2270 .
335 2193 440 2294 Quod
451 2194 565 2294 juvat,
581 2194 757 2288 exiguum
769 2190 848 2293 plus
862 2208 931 2280 est,
943 2189 1035 2292 quod
1048 2189 1139 2265 laedit
1150 2206 1317 2265 amantes:
1366 2208 1409 2261 515

383 2319 581 2419 Proponant
597 2316 708 2391 animo
726 2314 833 2390 multa
849 2314 986 2391 serenda
1003 2344 1076 2390 suo.

336 2442 432 2540 Quot
446 2442 575 2545 lepores
593 2443 629 2516 in
646 2440 756 2532 Atho,
772 2458 857 2544 quot
870 2469 950 2543 apes
966 2456 1152 2542 pascuntur
1168 2438 1205 2514 in
1220 2438 1354 2541 Hybla3

385 2565 514 2641 Caerula
533 2583 617 2668 quot
633 2564 752 2640 baccas
766 2562 922 2640 Pallados
938 2563 1040 2639 arbor
1052 2563 1173 2651 habet;

335 2687 450 2763 Litore
469 2705 553 2789 quot
570 2688 720 2776 conchas,
735 2704 788 2761 tot
801 2705 883 2762 sunt
896 2687 932 2761 in
949 2715 1060 2762 amore
1078 2686 1230 2761 dolores:

386 2811 472 2908 Quae
487 2811 649 2912 patimur,
664 2808 773 2884 multo
789 2809 919 2912 spicula
937 2809 1014 2886 selle
1029 2810 1175 2886 madent.
1369 2827 1414 2879 520

338 3043 353 3076 e
372 3018 435 3074 caelo
452 3017 616 3073 descendisse
630 3017 754 3072 Juvenal.
775 3019 854 3073 Satir.
903 3015 1414 3088 Nondumtamenvilctdispliceat,quod

338 3115 445 3169 x1,n7,
462 3105 598 3165 etpectore
614 3103 719 3152 mensori
734 3104 854 3151 tractar-
902 3098 1064 3169 proripienti
1072 3095 1306 3166 magisconvenire
1313 3093 1413 3147 milrir'e

337 3182 410 3242 dum,
424 3175 589 3247 predicabat.
609 3177 666 3232 Nec
678 3175 778 3246 injuria
788 3175 854 3246 qui-
903 3171 1414 3230 deturzsedlacilamsileatiasorteali

338 3257 420 3324 dem,
434 3255 593 3326 quicumque
606 3255 686 3310 fuerit
699 3267 806 3323 auctor,
822 3275 855 3308 ex
902 3255 947 3309 cui
963 3273 1020 3308 non
1039 3253 1192 3324 placerent,
1205 3261 1234 3304 et
1249 3251 1420 3324 fanomarc-

337 3337 394 3406 ipso
416 3339 479 3391 celo
501 3335 642 3390 demissam
665 3334 761 3392 dixeris
786 3355 855 3390 sen-
903 3333 999 3388 codicis
1018 3333 1176 3402 scripturam
1191 3331 1333 3401 proferret
1346 3333 1415 3383 aori·

337 3415 467 3481 tentiam,
483 3413 553 3469 unde
564 3413 605 3481 ,ei
616 3414 712 3468 rectius
722 3425 854 3481 serretur,
901 3416 1084 3473 tamsr'leutr'a,
1096 3429 1156 3480 quas
1162 3429 1283 3463 amorem
1292 3428 1350 3462 non
1361 3427 1415 3479 pro·

338 3496 487 3552 efflorescat
498 3495 616 3548 humana
629 3493 736 3550 felicitas
749 3513 855 3548 necesse
904 3500 1030 3557 movent,
1045 3490 1092 3545 sed
1103 3489 1141 3542 illi
1152 3499 1259 3544 nocent
1271 3489 1374 3542 Bou.

337 3587 385 3630 est.
397 3573 451 3628 Sed
461 3571 598 3628 latendum
612 3583 650 3627 est
662 3573 800 3637 Nostram,
812 3571 856 3626 di·
945 3570 1002 3623 513.
1030 3572 1151 3637 Quisque&
1167 3573 1300 3636 sapienter
1315 3568 1417 3620 madet

338 3655 432 3707 vinum
456 3651 508 3706 hoc
531 3661 694 3722 praeceptum
713 3650 856 3708 levioribus
905 3647 1417 3715 Rectiussortasseinnonnullis,palr'cr

339 3731 485 3788 admodum
498 3729 542 3784 bic
552 3727 630 3782 rebus
646 3727 855 3798 accommodare.
903 3732 1056 3784 tcramabit.
1068 3730 1200 3783 Nauem.

373 3814 430 3864 505.
442 3809 857 3864 racuamasueotuvuecuun-
937 3811 994 3861 515.
1015 3810 1092 3874 Quod
1101 3810 1179 3860 ledit.
1195 3805 1310 3859 Mallem
1320 3803 1417 3858 distin·

336 3897 398 3955 pat,
417 3898 537 3958 excerpta
549 3887 637 3940 Jureti
649 3897 676 3940 et
691 3897 807 3955 quatuor
825 3905 856 3942 ex
905 3905 985 3957 gnere
995 3905 1002 3937 z
1011 3889 1076 3940 Plus
1085 3893 1139 3947 est,
1150 3886 1297 3955 qnodledr’!
1306 3888 1418 3936 mater

340 3969 443 4022 nostris.
453 3967 510 4022 Lib.
522 3984 550 4033 1,
565 3966 677 4020 Metam.
689 3966 753 4018 208:
903 3967 1116 4032 properarem,
1128 3975 1159 4018 ut
1161 3965 1242 4032 lasa!
1249 3973 1277 4017 et
1285 3962 1417 4016 ledatsim·

339 4051 419 4102 Jupiter
428 4051 464 4090 boe
474 4052 546 4090 iter-um
554 4063 643 4088 sermone
656 4048 734 4088 silentia
741 4036 804 4099 rripit.
904 4043 1006 4112 pliciter
1017 4043 1070 4096 sint
1081 4045 1173 4112 posin,
1182 4043 1283 4096 Bou,

340 4123 550 4191 Rumpercetiam
562 4123 657 4176 Horat.
671 4121 756 4192 Epod
768 4139 796 4187 u,
806 4121 854 4175 85:
939 4120 1368 4190 ssontalrospicalaseumdeat.
1378 4121 1417 4172 Vr

340 4203 395 4256 sed
402 4205 493 4254 dubites
503 4205 569 4256 unde
584 4207 707 4268 rumpere!
718 4204 856 4256 sabasium.
904 4208 961 4254 real
971 4220 1041 4255 unus
1054 4201 1162 4270 Regitu-
1178 4201 1294 4256 Metam.
1305 4216 1344 4267 n,
1358 4216 1415 4267 555:
