3009 5000
292 469 353 533 118
577 465 616 529 P.
646 462 827 530 OVIDII
852 457 1084 528 NASONIS

231 677 234 682 .
338 604 487 679 Oscula:
505 597 567 704 pru
585 601 695 678 reditu
711 601 846 675 victima
860 619 939 674 vota
953 600 1072 675 cadet:

288 727 395 824 Inque
414 721 480 794 tori
499 719 640 794 sormam
656 716 778 794 molles
794 734 988 792 sternentur
1005 740 1134 804 arena,

337 837 385 914 Et
397 836 549 913 tumulus
563 864 685 912 mensa
701 834 844 937 quilibet
859 835 966 908 instar
978 834 1052 906 erit

287 953 361 1029 lllic
379 953 537 1055 adposito
552 952 706 1028 narrabis
722 949 829 1026 multa
845 953 968 1050 Lyaeo,

338 1072 436 1145 Paene
455 1070 500 1144 sit
516 1087 556 1142 ut
569 1066 689 1142 mediis
706 1067 831 1142 obruta
845 1064 940 1139 navis
956 1063 1076 1164 aquis:
1341 1087 1372 1138 50

290 1191 447 1290 Dumque
462 1185 504 1261 ad
520 1214 573 1260 me
588 1212 768 1288 properas,
787 1211 851 1258 nee
870 1181 995 1281 iniqua
1012 1196 1163 1280 tempora
1177 1178 1310 1268 noctis,

334 1309 405 1381 Nec
424 1324 456 1381 te
472 1303 663 1406 precipites
681 1301 875 1378 extimuisse
892 1299 1015 1372 Notos.

289 1413 413 1498 Omnia
425 1450 489 1522 pro
508 1420 594 1493 veris
613 1417 762 1507 credam,
780 1418 850 1493 sint
864 1416 943 1490 licta
956 1412 1082 1490 licebit.

337 1540 414 1614 Cur
425 1566 489 1634 ego
503 1565 575 1610 non
592 1536 680 1611 votis
696 1535 854 1611 blandiar
870 1535 944 1637 ipse
959 1532 1070 1607 meis?

288 1659 368 1730 llaec
382 1655 465 1729 mihi
484 1655 732 1756 quamprimum
750 1653 832 1728 cael'o
849 1650 1074 1727 nitidissimus
1089 1646 1159 1723 alto
1342 1669 1374 1720 55

336 1771 471 1845 Lucifer
489 1771 634 1846 admisso
652 1783 806 1871 tempora
822 1785 937 1872 portet
949 1768 1064 1868 equo!

287 1972 415 2038 quenlnsi.
427 1967 459 2022 C.
477 1969 566 2032 Ulnet,
581 1981 702 2042 excerpta
714 1970 805 2024 Jureti
859 1987 941 2022 carun
950 1981 1050 2032 mm,
1063 1985 1121 2032 127,
1130 1963 1163 2016 de
1173 1959 1321 2030 Columbo,
1328 1963 1373 2017 ait:

288 2059 315 2102 et
329 2048 442 2103 Puteani
454 2067 515 2102 cum
528 2047 617 2102 codice
628 2047 804 2115 Sarrariano,
854 2053 929 2092 osen·
938 2049 1036 2090 Μὼῑὶ
1047 2061 1124 2102 mpn
1135 2049 1326 2100 mquam.

289 2136 316 2179 et
328 2145 372 2180 sex
384 2125 447 2179 aliis.
458 2125 513 2178 sed
530 2126 637 2197 vulgata
649 2125 756 2196 respicit
771 2125 804 2179 ad
888 2127 930 2193 46.
952 2127 1063 2180 Victima
1072 2129 1142 2176 vota.
1167 2121 1263 2191 Quam
1278 2119 1374 2176 edlioet

289 2205 371 2258 ritum
384 2203 475 2268 illurn,
489 2223 543 2274 quo
556 2205 640 2258 enavi
652 2205 743 2258 alienis
753 2204 807 2257 hu·
856 2217 903 2260 tuo
916 2225 966 2276 pro
976 2204 1066 2259 reditu
1077 2222 1212 2257 voveram.

290 2282 371 2336 meris
382 2301 431 2352 per
442 2283 540 2352 primas
554 2281 637 2335 undas
648 2281 807 2336 delereban-
889 2287 929 2352 4&
938 2289 991 2338 Pro
996 2302 1084 2338 measa
1094 2285 1204 2336 tumulas
1210 2283 1374 2350 quilibctsiss·

290 2372 336 2414 tur
353 2370 471 2414 vectores
485 2361 513 2412 in
527 2371 635 2412 terram.
652 2361 755 2413 Hares.
773 2387 808 2401 -·
855 2367 898 2413 tar
911 2366 966 2415 eni.
986 2364 1025 2414 Et
1037 2364 1154 2414 cumulus
1168 2379 1262 2413 menso
1272 2361 1376 2427 quintet

292 2439 401 2492 Loutia
417 2449 495 2509 poeta
512 2439 674 2509 impatiens,
697 2437 731 2490 ob
741 2437 807 2490 ssli-
855 2457 912 2492 esse
926 2447 1024 2509 potest,
1040 2441 1194 2494 Puteaneus
1210 2449 1302 2505 ures,
1324 2439 1375 2490 Pro

291 2538 350 2573 cern
359 2520 449 2573 amine
457 2516 583 2584 reditum,
591 2532 647 2571 nou
655 2517 718 2570 sinit
726 2516 815 2571 alium·
856 2517 1374 2589 mnaecmlassprimaedit.etscripti

291 2596 480 2651 advenientem
495 2602 626 2665 steritem
644 2606 673 2649 tt
688 2596 743 2664 ipae
755 2596 809 2651 nis
857 2598 990 2665 nonnulli,
1000 2602 1039 2651 El
1047 2602 1163 2652 cumulus
1171 2599 1378 2666 unusquilibet

292 2685 428 2745 exceptam
439 2674 558 2735 humeris
569 2684 658 2743 portat
674 2692 810 2727 orma-
857 2681 942 2729 instar
957 2681 1019 2740 err't,
1038 2675 1175 2746 quomodo
1194 2687 1223 2728 et
1241 2674 1375 2729 Arunde-

293 2756 378 2808 Multa
400 2758 456 2807 stite
476 2756 564 2806 ordeiae
586 2772 689 2821 carpam
704 2754 808 2807 oscula.
857 2753 943 2808 limus
955 2772 1024 2808 :nec
1034 2754 1110 2808 aliter
1121 2750 1299 2809 Sam'viaum
1309 2752 1377 2820 ‚nisi

295 2838 402 2901 Carpere
408 2837 498 2887 oscula
504 2854 637 2904 nusquam
643 2834 736 2888 dixisse
744 2834 812 2888 Ovi-
858 2833 930 2902 quorl
940 2833 969 2887 iu
979 2832 1042 2899 illo,
1062 2836 1187 2896 imin,
1201 2843 1230 2888 et
1240 2842 1324 2887 reete.
1339 2832 1375 2885 fl.

293 2913 369 2965 diurn
385 2912 501 2966 affirmat
514 2914 608 2967 Heius.
626 2913 740 2983 ideoque
756 2933 809 2966 su·-
891 2914 932 2966 53.
947 2913 1042 2965 otuu
1046 2916 1284 2980 pmren'smdu.
1292 2911 1376 2964 Totus

291 3010 365 3051 mam.
380 3010 443 3045 curn
451 2990 621 3059 Sarraviano,
633 2991 738 3046 duobus
748 2993 808 3045 Pa·
857 2990 901 3045 hie
907 2992 988 3061 spirat
995 2989 1267 3045 Ovidius-luetis.
1274 2990 1376 3059 Quam·

289 3069 391 3137 latinis,
404 3080 432 3123 et
444 3080 559 3141 quatuor
571 3071 643 3138 aliis,
662 3069 808 3141 legendum
857 3070 910 3136 vis,
923 3068 1033 3123 etiarnsi.
1045 3093 1080 3113 —·
1091 3068 1170 3123 Idem
1180 3086 1287 3138 upum„
1301 3067 1374 3121 Pru-

292 3148 388 3202 rectius
399 3149 532 3220 proponit.
553 3147 674 3203 Catullus
692 3158 784 3207 tamen
798 3186 807 3216 ,
858 3158 924 3219 pert
937 3147 1057 3203 natavit
1067 3186 1076 3217 ‚
1088 3149 1116 3215 l,
1130 3147 1205 3219 Eleg.
1216 3162 1281 3203 vm.
