<?xml version="1.0" encoding="UTF-8"?>
<!DOCTYPE html PUBLIC "-//W3C//DTD XHTML 1.0 Transitional//EN"
    "http://www.w3.org/TR/xhtml1/DTD/xhtml1-transitional.dtd">
<html xmlns="http://www.w3.org/1999/xhtml" xml:lang="en" lang="en">
 <head>
  <title>
</title>
<meta http-equiv="Content-Type" content="text/html;charset=utf-8" />
  <meta name='ocr-system' content='tesseract 3.04.00' />
  <meta name='ocr-capabilities' content='ocr_page ocr_carea ocr_par ocr_line ocrx_word'/>
</head>
<body>
  <div class='ocr_page' id='page_1' title='image "./publiiovidiinas03unkngoog_0308.png"; bbox 0 0 3009 5000; ppageno 0'>
   <div class='ocr_carea' id='block_1_1' title="bbox 321 374 1218 525">
    <p class='ocr_par' dir='ltr' id='par_1_1' title="bbox 321 374 1218 525">
     <span class='ocr_line' id='line_1_1' title="bbox 321 374 1218 525; baseline 0.011 -36"><span class='ocrx_word' id='word_1_1' title='bbox 321 374 484 491; x_wconf 79' lang='lat' dir='ltr'><strong>anuis</strong></span> <span class='ocrx_word' id='word_1_2' title='bbox 514 422 804 513; x_wconf 77' lang='lat' dir='ltr'><strong>aurnuouun</strong></span> <span class='ocrx_word' id='word_1_3' title='bbox 836 428 934 495; x_wconf 82' lang='lat' dir='ltr'><strong>ure.</strong></span> <span class='ocrx_word' id='word_1_4' title='bbox 964 432 1017 496; x_wconf 89' lang='lat'><strong>11.</strong></span> <span class='ocrx_word' id='word_1_5' title='bbox 1147 434 1218 525; x_wconf 65' lang='lat'><strong>295,</strong></span> 
     </span>
    </p>
   </div>
   <div class='ocr_carea' id='block_1_2' title="bbox 135 559 1214 2522">
    <p class='ocr_par' dir='ltr' id='par_1_2' title="bbox 135 559 1214 2522">
     <span class='ocr_line' id='line_1_2' title="bbox 183 559 1051 668; baseline 0.012 -36"><span class='ocrx_word' id='word_1_6' title='bbox 183 559 352 667; x_wconf 27' lang='lat' dir='ltr'><strong>&#39;Quisquis</strong></span> <span class='ocrx_word' id='word_1_7' title='bbox 373 590 408 635; x_wconf 91' lang='lat' dir='ltr'><strong>es</strong></span> <span class='ocrx_word' id='word_1_8' title='bbox 423 592 430 637; x_wconf 91' lang='lat'>:</span> <span class='ocrx_word' id='word_1_9' title='bbox 446 578 504 636; x_wconf 91' lang='lat' dir='ltr'><strong>aut</strong></span> <span class='ocrx_word' id='word_1_10' title='bbox 519 561 646 665; x_wconf 89' lang='lat' dir='ltr'><strong>aliquid</strong></span> <span class='ocrx_word' id='word_1_11' title='bbox 664 592 805 666; x_wconf 86' lang='lat' dir='ltr'><strong>corpore</strong></span> <span class='ocrx_word' id='word_1_12' title='bbox 822 565 933 668; x_wconf 90' lang='lat' dir='ltr'><strong>pluris</strong></span> <span class='ocrx_word' id='word_1_13' title='bbox 951 568 1051 645; x_wconf 86' lang='lat' dir='ltr'><strong>habe.</strong></span> 
     </span>
     <span class='ocr_line' id='line_1_3' title="bbox 141 674 1214 781; baseline 0.013 -32"><span class='ocrx_word' id='word_1_14' title='bbox 141 674 280 751; x_wconf 75' lang='lat' dir='ltr'><strong>Dextera</strong></span> <span class='ocrx_word' id='word_1_15' title='bbox 297 678 465 780; x_wconf 80' lang='lat' dir='ltr'><strong>praecipue</strong></span> <span class='ocrx_word' id='word_1_16' title='bbox 485 680 574 781; x_wconf 80' lang='lat' dir='ltr'>capit</span> <span class='ocrx_word' id='word_1_17' title='bbox 591 680 800 779; x_wconf 75' lang='lat' dir='ltr'><strong>indulgentia</strong></span> <span class='ocrx_word' id='word_1_18' title='bbox 816 704 967 761; x_wconf 80' lang='lat' dir='ltr'><strong>mentes:</strong></span> <span class='ocrx_word' id='word_1_19' title='bbox 1167 712 1214 779; x_wconf 69' lang='lat'><strong>145</strong></span> 
     </span>
     <span class='ocr_line' id='line_1_4' title="bbox 185 794 959 899; baseline 0.016 -34"><span class='ocrx_word' id='word_1_20' title='bbox 185 794 357 894; x_wconf 83' lang='lat' dir='ltr'><strong>Asperitas</strong></span> <span class='ocrx_word' id='word_1_21' title='bbox 376 794 508 884; x_wconf 90' lang='lat' dir='ltr'><strong>odium,</strong></span> <span class='ocrx_word' id='word_1_22' title='bbox 528 824 677 899; x_wconf 81' lang='lat' dir='ltr'><strong>saraque</strong></span> <span class='ocrx_word' id='word_1_23' title='bbox 695 800 797 875; x_wconf 87' lang='lat' dir='ltr'><strong>verba</strong></span> <span class='ocrx_word' id='word_1_24' title='bbox 813 821 959 877; x_wconf 81' lang='lat' dir='ltr'><strong>movent.</strong></span> 
     </span>
     <span class='ocr_line' id='line_1_5' title="bbox 141 908 1041 1018; baseline 0.016 -36"><span class='ocrx_word' id='word_1_25' title='bbox 141 908 282 986; x_wconf 84' lang='lat' dir='ltr'><strong>Odimus</strong></span> <span class='ocrx_word' id='word_1_26' title='bbox 296 913 504 1014; x_wconf 87' lang='lat' dir='ltr'><strong>accipitrem,</strong></span> <span class='ocrx_word' id='word_1_27' title='bbox 527 916 606 1015; x_wconf 90' lang='lat' dir='ltr'><strong>quia</strong></span> <span class='ocrx_word' id='word_1_28' title='bbox 622 944 753 1018; x_wconf 86' lang='lat' dir='ltr'><strong>semper</strong></span> <span class='ocrx_word' id='word_1_29' title='bbox 765 918 848 992; x_wconf 84' lang='lat' dir='ltr'><strong>vivit</strong></span> <span class='ocrx_word' id='word_1_30' title='bbox 864 920 902 995; x_wconf 90' lang='lat' dir='ltr'><strong>in</strong></span> <span class='ocrx_word' id='word_1_31' title='bbox 919 921 1041 1010; x_wconf 87' lang='lat' dir='ltr'><strong>armis,</strong></span> 
     </span>
     <span class='ocr_line' id='line_1_6' title="bbox 186 1031 901 1137; baseline 0.008 -34"><span class='ocrx_word' id='word_1_32' title='bbox 186 1033 232 1103; x_wconf 93' lang='lat' dir='ltr'><strong>Et</strong></span> <span class='ocrx_word' id='word_1_33' title='bbox 247 1031 406 1130; x_wconf 83' lang='lat' dir='ltr'><strong>pavidum</strong></span> <span class='ocrx_word' id='word_1_34' title='bbox 420 1032 541 1108; x_wconf 88' lang='lat' dir='ltr'><strong>solitos</strong></span> <span class='ocrx_word' id='word_1_35' title='bbox 556 1032 591 1107; x_wconf 87' lang='lat' dir='ltr'><strong>in</strong></span> <span class='ocrx_word' id='word_1_36' title='bbox 605 1061 708 1134; x_wconf 90' lang='lat' dir='ltr'><strong>pecus</strong></span> <span class='ocrx_word' id='word_1_37' title='bbox 724 1034 773 1109; x_wconf 88' lang='lat' dir='ltr'><strong>ire</strong></span> <span class='ocrx_word' id='word_1_38' title='bbox 790 1033 901 1137; x_wconf 87' lang='lat' dir='ltr'><strong>lupos.</strong></span> 
     </span>
     <span class='ocr_line' id='line_1_7' title="bbox 138 1146 1062 1251; baseline 0.011 -32"><span class='ocrx_word' id='word_1_39' title='bbox 138 1146 183 1227; x_wconf 79' lang='lat' dir='ltr'><strong>At</strong></span> <span class='ocrx_word' id='word_1_40' title='bbox 200 1165 289 1221; x_wconf 86' lang='lat' dir='ltr'><strong>caret</strong></span> <span class='ocrx_word' id='word_1_41' title='bbox 304 1148 436 1223; x_wconf 87' lang='lat' dir='ltr'><strong>insidiis</strong></span> <span class='ocrx_word' id='word_1_42' title='bbox 452 1149 646 1239; x_wconf 86' lang='lat' dir='ltr'><strong>hominum,</strong></span> <span class='ocrx_word' id='word_1_43' title='bbox 668 1151 746 1251; x_wconf 85' lang='lat' dir='ltr'><strong>quia</strong></span> <span class='ocrx_word' id='word_1_44' title='bbox 763 1151 876 1241; x_wconf 84' lang='lat' dir='ltr'><strong>mitis,</strong></span> <span class='ocrx_word' id='word_1_45' title='bbox 888 1153 1036 1229; x_wconf 90' lang='lat' dir='ltr'><strong>hirundo</strong></span> <span class='ocrx_word' id='word_1_46' title='bbox 1053 1185 1062 1245; x_wconf 87' lang='lat'>;</span> 
     </span>
     <span class='ocr_line' id='line_1_8' title="bbox 185 1262 1214 1364; baseline 0.011 -28"><span class='ocrx_word' id='word_1_47' title='bbox 185 1262 346 1364; x_wconf 84' lang='lat' dir='ltr'><strong>Quasque</strong></span> <span class='ocrx_word' id='word_1_48' title='bbox 364 1264 452 1339; x_wconf 89' lang='lat' dir='ltr'><strong>colat</strong></span> <span class='ocrx_word' id='word_1_49' title='bbox 467 1284 575 1341; x_wconf 88' lang='lat' dir='ltr'><strong>turres</strong></span> <span class='ocrx_word' id='word_1_50' title='bbox 594 1266 743 1343; x_wconf 86' lang='lat' dir='ltr'><strong>Chaonis</strong></span> <span class='ocrx_word' id='word_1_51' title='bbox 762 1266 830 1343; x_wconf 91' lang='lat' dir='ltr'><strong>ales</strong></span> <span class='ocrx_word' id='word_1_52' title='bbox 846 1269 960 1345; x_wconf 74' lang='lat' dir='ltr'><strong>habet.</strong></span> <span class='ocrx_word' id='word_1_53' title='bbox 1167 1295 1214 1347; x_wconf 76' lang='lat'><strong>150</strong></span> 
     </span>
     <span class='ocr_line' id='line_1_9' title="bbox 136 1380 958 1485; baseline 0.01 -32"><span class='ocrx_word' id='word_1_54' title='bbox 136 1382 214 1455; x_wconf 85' lang='lat' dir='ltr'><strong>Este</strong></span> <span class='ocrx_word' id='word_1_55' title='bbox 232 1380 365 1483; x_wconf 90' lang='lat' dir='ltr'><strong>procul,</strong></span> <span class='ocrx_word' id='word_1_56' title='bbox 383 1380 478 1471; x_wconf 91' lang='lat' dir='ltr'><strong>lites,</strong></span> <span class='ocrx_word' id='word_1_57' title='bbox 496 1400 531 1457; x_wconf 91' lang='lat' dir='ltr'><strong>et</strong></span> <span class='ocrx_word' id='word_1_58' title='bbox 545 1411 662 1459; x_wconf 80' lang='lat' dir='ltr'><strong>amarae</strong></span> <span class='ocrx_word' id='word_1_59' title='bbox 679 1384 793 1485; x_wconf 78' lang='lat' dir='ltr'><strong>praelia</strong></span> <span class='ocrx_word' id='word_1_60' title='bbox 810 1382 934 1483; x_wconf 75' lang='lat' dir='ltr'><strong>linguae</strong></span> <span class='ocrx_word' id='word_1_61' title='bbox 949 1417 958 1461; x_wconf 76' lang='grc' dir='ltr'><strong><em>ε</em></strong></span> 
     </span>
     <span class='ocr_line' id='line_1_10' title="bbox 183 1496 951 1577; baseline 0.01 -8"><span class='ocrx_word' id='word_1_62' title='bbox 183 1496 350 1571; x_wconf 86' lang='lat' dir='ltr'><strong>Dulcibus</strong></span> <span class='ocrx_word' id='word_1_63' title='bbox 365 1517 416 1573; x_wconf 88' lang='lat' dir='ltr'><strong>est</strong></span> <span class='ocrx_word' id='word_1_64' title='bbox 427 1498 544 1575; x_wconf 69' lang='lat' dir='ltr'><strong>uerbis</strong></span> <span class='ocrx_word' id='word_1_65' title='bbox 558 1498 671 1575; x_wconf 85' lang='lat' dir='ltr'><strong>mollis</strong></span> <span class='ocrx_word' id='word_1_66' title='bbox 688 1500 828 1575; x_wconf 84' lang='lat' dir='ltr'><strong>alendus</strong></span> <span class='ocrx_word' id='word_1_67' title='bbox 846 1528 951 1577; x_wconf 85' lang='lat' dir='ltr'><strong>amor.</strong></span> 
     </span>
     <span class='ocr_line' id='line_1_11' title="bbox 136 1612 1016 1719; baseline 0.009 -33"><span class='ocrx_word' id='word_1_68' title='bbox 136 1612 207 1687; x_wconf 86' lang='lat' dir='ltr'><strong>Lite</strong></span> <span class='ocrx_word' id='word_1_69' title='bbox 219 1612 339 1709; x_wconf 82' lang='lat' dir='ltr'><strong>fugant</strong></span> <span class='ocrx_word' id='word_1_70' title='bbox 353 1634 534 1717; x_wconf 78' lang='lat' dir='ltr'><strong>nuptaque</strong></span> <span class='ocrx_word' id='word_1_71' title='bbox 548 1618 658 1705; x_wconf 85' lang='lat' dir='ltr'><strong>viros,</strong></span> <span class='ocrx_word' id='word_1_72' title='bbox 676 1635 867 1719; x_wconf 78' lang='lat' dir='ltr'><strong>nuptasque</strong></span> <span class='ocrx_word' id='word_1_73' title='bbox 882 1620 993 1697; x_wconf 88' lang='lat' dir='ltr'><strong>mariti</strong></span> <span class='ocrx_word' id='word_1_74' title='bbox 1006 1650 1016 1709; x_wconf 87' lang='lat'>;</span> 
     </span>
     <span class='ocr_line' id='line_1_12' title="bbox 179 1732 952 1837; baseline 0.009 -34"><span class='ocrx_word' id='word_1_75' title='bbox 179 1732 289 1832; x_wconf 90' lang='lat' dir='ltr'><strong>Inque</strong></span> <span class='ocrx_word' id='word_1_76' title='bbox 306 1732 411 1807; x_wconf 84' lang='lat' dir='ltr'><strong>vicem</strong></span> <span class='ocrx_word' id='word_1_77' title='bbox 430 1734 571 1809; x_wconf 86' lang='lat' dir='ltr'><strong>credunt</strong></span> <span class='ocrx_word' id='word_1_78' title='bbox 586 1764 639 1809; x_wconf 90' lang='lat' dir='ltr'><strong>res</strong></span> <span class='ocrx_word' id='word_1_79' title='bbox 655 1734 722 1809; x_wconf 89' lang='lat' dir='ltr'><strong>sibi</strong></span> <span class='ocrx_word' id='word_1_80' title='bbox 741 1763 873 1837; x_wconf 86' lang='lat' dir='ltr'><strong>semper</strong></span> <span class='ocrx_word' id='word_1_81' title='bbox 887 1738 952 1832; x_wconf 80' lang='lat' dir='ltr'><strong>agi.</strong></span> 
     </span>
     <span class='ocr_line' id='line_1_13' title="bbox 137 1844 873 1926; baseline 0.012 -9"><span class='ocrx_word' id='word_1_82' title='bbox 137 1846 209 1919; x_wconf 86' lang='lat' dir='ltr'><strong>Hoc</strong></span> <span class='ocrx_word' id='word_1_83' title='bbox 231 1844 324 1921; x_wconf 86' lang='lat' dir='ltr'><strong>decet</strong></span> <span class='ocrx_word' id='word_1_84' title='bbox 343 1876 466 1924; x_wconf 83' lang='lat' dir='ltr'><strong>uxores</strong></span> <span class='ocrx_word' id='word_1_85' title='bbox 481 1880 489 1922; x_wconf 91' lang='lat'>:</span> <span class='ocrx_word' id='word_1_86' title='bbox 506 1849 566 1924; x_wconf 82' lang='lat' dir='ltr'><strong>dos</strong></span> <span class='ocrx_word' id='word_1_87' title='bbox 583 1866 634 1925; x_wconf 89' lang='lat' dir='ltr'><strong>est</strong></span> <span class='ocrx_word' id='word_1_88' title='bbox 651 1850 873 1926; x_wconf 83' lang='lat' dir='ltr'><strong>uxoria-lites.</strong></span> 
     </span>
     <span class='ocr_line' id='line_1_14' title="bbox 181 1964 867 2069; baseline 0.004 -32"><span class='ocrx_word' id='word_1_89' title='bbox 181 1964 309 2039; x_wconf 83' lang='lat' dir='ltr'><strong>Audiat</strong></span> <span class='ocrx_word' id='word_1_90' title='bbox 324 1981 460 2066; x_wconf 85' lang='lat' dir='ltr'><strong>optatos</strong></span> <span class='ocrx_word' id='word_1_91' title='bbox 478 1994 610 2069; x_wconf 89' lang='lat' dir='ltr'><strong>semper</strong></span> <span class='ocrx_word' id='word_1_92' title='bbox 630 1966 734 2041; x_wconf 83' lang='lat' dir='ltr'><strong>amica</strong></span> <span class='ocrx_word' id='word_1_93' title='bbox 752 1996 867 2042; x_wconf 88' lang='lat' dir='ltr'><strong>sonos.</strong></span> 
     </span>
     <span class='ocr_line' id='line_1_15' title="bbox 135 2081 914 2181; baseline 0.005 -27"><span class='ocrx_word' id='word_1_94' title='bbox 135 2084 212 2155; x_wconf 85' lang='lat' dir='ltr'><strong>Non</strong></span> <span class='ocrx_word' id='word_1_95' title='bbox 229 2081 314 2177; x_wconf 86' lang='lat' dir='ltr'><strong>legis</strong></span> <span class='ocrx_word' id='word_1_96' title='bbox 326 2082 423 2181; x_wconf 90' lang='lat' dir='ltr'><strong>jussu</strong></span> <span class='ocrx_word' id='word_1_97' title='bbox 441 2081 565 2157; x_wconf 88' lang='lat' dir='ltr'><strong>lectum</strong></span> <span class='ocrx_word' id='word_1_98' title='bbox 582 2083 720 2158; x_wconf 88' lang='lat' dir='ltr'><strong>venistis</strong></span> <span class='ocrx_word' id='word_1_99' title='bbox 737 2083 773 2157; x_wconf 91' lang='lat' dir='ltr'><strong>in</strong></span> <span class='ocrx_word' id='word_1_100' title='bbox 789 2112 914 2158; x_wconf 90' lang='lat' dir='ltr'><strong>unum:</strong></span> 
     </span>
     <span class='ocr_line' id='line_1_16' title="bbox 182 2198 953 2300; baseline 0.001 -28"><span class='ocrx_word' id='word_1_101' title='bbox 182 2200 349 2294; x_wconf 83' lang='lat' dir='ltr'><strong>Fungitur</strong></span> <span class='ocrx_word' id='word_1_102' title='bbox 364 2198 400 2271; x_wconf 93' lang='lat' dir='ltr'><strong>in</strong></span> <span class='ocrx_word' id='word_1_103' title='bbox 415 2198 513 2273; x_wconf 81' lang='lat' dir='ltr'><strong>vobis</strong></span> <span class='ocrx_word' id='word_1_104' title='bbox 526 2226 670 2279; x_wconf 62' lang='lat' dir='ltr'><strong>munere„</strong></span> <span class='ocrx_word' id='word_1_105' title='bbox 681 2198 766 2295; x_wconf 82' lang='lat' dir='ltr'><strong>legis</strong></span> <span class='ocrx_word' id='word_1_106' title='bbox 782 2229 887 2274; x_wconf 88' lang='lat' dir='ltr'><strong>amor.</strong></span> <span class='ocrx_word' id='word_1_107' title='bbox 949 2295 953 2300; x_wconf 16' lang='grc'><strong><em>1</em></strong></span> 
     </span>
     <span class='ocr_line' id='line_1_17' title="bbox 135 2312 968 2416; baseline 0.001 -29"><span class='ocrx_word' id='word_1_108' title='bbox 135 2313 317 2389; x_wconf 86' lang='lat' dir='ltr'><strong>Blanditias</strong></span> <span class='ocrx_word' id='word_1_109' title='bbox 334 2312 473 2402; x_wconf 89' lang='lat' dir='ltr'><strong>molles,</strong></span> <span class='ocrx_word' id='word_1_110' title='bbox 493 2342 672 2416; x_wconf 89' lang='lat' dir='ltr'><strong>auremque</strong></span> <span class='ocrx_word' id='word_1_111' title='bbox 688 2315 840 2415; x_wconf 77' lang='lat' dir='ltr'><strong>juvantia</strong></span> <span class='ocrx_word' id='word_1_112' title='bbox 855 2314 968 2390; x_wconf 86' lang='lat' dir='ltr'><strong>verba·</strong></span> 
     </span>
     <span class='ocr_line' id='line_1_18' title="bbox 179 2431 838 2522; baseline -0.005 -13"><span class='ocrx_word' id='word_1_113' title='bbox 179 2433 300 2522; x_wconf 82' lang='lat' dir='ltr'><strong>Adfer,</strong></span> <span class='ocrx_word' id='word_1_114' title='bbox 320 2450 359 2508; x_wconf 91' lang='lat' dir='ltr'><strong>nt</strong></span> <span class='ocrx_word' id='word_1_115' title='bbox 375 2432 518 2508; x_wconf 88' lang='lat' dir='ltr'><strong>adventu</strong></span> <span class='ocrx_word' id='word_1_116' title='bbox 536 2431 611 2510; x_wconf 84' lang='lat' dir='ltr'><strong>laeta</strong></span> <span class='ocrx_word' id='word_1_117' title='bbox 628 2432 673 2508; x_wconf 86' lang='lat' dir='ltr'><strong>sit</strong></span> <span class='ocrx_word' id='word_1_118' title='bbox 690 2431 748 2508; x_wconf 86' lang='lat' dir='ltr'><strong>illa</strong></span> <span class='ocrx_word' id='word_1_119' title='bbox 767 2449 838 2506; x_wconf 90' lang='lat' dir='ltr'><strong>tuo.</strong></span> 
     </span>
    </p>
   </div>
   <div class='ocr_carea' id='block_1_3' title="bbox 133 2559 1176 3008">
    <p class='ocr_par' dir='ltr' id='par_1_3' title="bbox 133 2559 965 2778">
     <span class='ocr_line' id='line_1_19' title="bbox 133 2559 965 2662; baseline 0.001 -28"><span class='ocrx_word' id='word_1_120' title='bbox 133 2563 212 2636; x_wconf 69' lang='lat' dir='ltr'><strong>Note</strong></span> <span class='ocrx_word' id='word_1_121' title='bbox 229 2589 292 2657; x_wconf 73' lang='lat' dir='ltr'><strong>ego</strong></span> <span class='ocrx_word' id='word_1_122' title='bbox 310 2559 471 2634; x_wconf 87' lang='lat' dir='ltr'><strong>divitibus</strong></span> <span class='ocrx_word' id='word_1_123' title='bbox 485 2560 582 2634; x_wconf 84' lang='lat' dir='ltr'><strong>venio</strong></span> <span class='ocrx_word' id='word_1_124' title='bbox 604 2578 791 2662; x_wconf 87' lang='lat' dir='ltr'><strong>praeceptor</strong></span> <span class='ocrx_word' id='word_1_125' title='bbox 806 2561 965 2635; x_wconf 90' lang='lat' dir='ltr'><strong>Amoris:</strong></span> 
     </span>
     <span class='ocr_line' id='line_1_20' title="bbox 176 2675 887 2778; baseline -0.001 -28"><span class='ocrx_word' id='word_1_126' title='bbox 176 2676 236 2750; x_wconf 83' lang='lat' dir='ltr'><strong>Nil</strong></span> <span class='ocrx_word' id='word_1_127' title='bbox 254 2705 340 2778; x_wconf 87' lang='lat' dir='ltr'><strong>opus</strong></span> <span class='ocrx_word' id='word_1_128' title='bbox 359 2692 411 2751; x_wconf 90' lang='lat' dir='ltr'><strong>est</strong></span> <span class='ocrx_word' id='word_1_129' title='bbox 425 2675 490 2765; x_wconf 89' lang='lat' dir='ltr'><strong>illi,</strong></span> <span class='ocrx_word' id='word_1_130' title='bbox 511 2676 570 2778; x_wconf 92' lang='lat' dir='ltr'><strong>qni</strong></span> <span class='ocrx_word' id='word_1_131' title='bbox 588 2677 699 2766; x_wconf 91' lang='lat' dir='ltr'><strong>dabit,</strong></span> <span class='ocrx_word' id='word_1_132' title='bbox 717 2695 787 2750; x_wconf 87' lang='lat' dir='ltr'><strong>arte</strong></span> <span class='ocrx_word' id='word_1_133' title='bbox 804 2705 887 2750; x_wconf 87' lang='lat' dir='ltr'><strong>mea.</strong></span> 
     </span>
    </p>

    <p class='ocr_par' dir='ltr' id='par_1_4' title="bbox 133 2790 1176 3008">
     <span class='ocr_line' id='line_1_21' title="bbox 133 2790 1176 2892; baseline 0.001 -27"><span class='ocrx_word' id='word_1_134' title='bbox 133 2791 249 2865; x_wconf 89' lang='lat' dir='ltr'><strong>Secum</strong></span> <span class='ocrx_word' id='word_1_135' title='bbox 262 2792 365 2878; x_wconf 82' lang='lat' dir='ltr'><strong>babet</strong></span> <span class='ocrx_word' id='word_1_136' title='bbox 378 2790 570 2887; x_wconf 73' lang='lat' dir='ltr'><strong>ingenium,</strong></span> <span class='ocrx_word' id='word_1_137' title='bbox 591 2792 666 2891; x_wconf 88' lang='lat' dir='ltr'><strong>qui,</strong></span> <span class='ocrx_word' id='word_1_138' title='bbox 687 2819 791 2891; x_wconf 88' lang='lat' dir='ltr'><strong>quum</strong></span> <span class='ocrx_word' id='word_1_139' title='bbox 806 2791 909 2875; x_wconf 88' lang='lat' dir='ltr'><strong>libet,</strong></span> <span class='ocrx_word' id='word_1_140' title='bbox 924 2792 1067 2892; x_wconf 85' lang='lat' dir='ltr'><strong>Accipe,</strong></span> <span class='ocrx_word' id='word_1_141' title='bbox 1086 2792 1176 2868; x_wconf 87' lang='lat' dir='ltr'><strong>dicit.</strong></span> 
     </span>
     <span class='ocr_line' id='line_1_22' title="bbox 178 2904 926 3008; baseline -0.011 -24"><span class='ocrx_word' id='word_1_142' title='bbox 178 2907 337 2984; x_wconf 88' lang='lat' dir='ltr'><strong>Cedimus</strong></span> <span class='ocrx_word' id='word_1_143' title='bbox 353 2905 526 2980; x_wconf 89' lang='lat' dir='ltr'><strong>:inventis</strong></span> <span class='ocrx_word' id='word_1_144' title='bbox 542 2905 620 3008; x_wconf 91' lang='lat' dir='ltr'><strong>plus</strong></span> <span class='ocrx_word' id='word_1_145' title='bbox 637 2905 746 3008; x_wconf 88' lang='lat' dir='ltr'><strong>placet</strong></span> <span class='ocrx_word' id='word_1_146' title='bbox 764 2904 818 2979; x_wconf 90' lang='lat' dir='ltr'><strong>ille</strong></span> <span class='ocrx_word' id='word_1_147' title='bbox 834 2907 926 2979; x_wconf 89' lang='lat' dir='ltr'><strong>meis.</strong></span> 
     </span>
    </p>
   </div>
   <div class='ocr_carea' id='block_1_4' title="bbox 40 3106 1228 3181">
    <p class='ocr_par' dir='ltr' id='par_1_5' title="bbox 40 3106 1228 3181">
     <span class='ocr_line' id='line_1_23' title="bbox 40 3106 1228 3181; baseline -0.003 -18"><span class='ocrx_word' id='word_1_148' title='bbox 40 3112 45 3128; x_wconf 77' lang='lat'>⁸</span> <span class='ocrx_word' id='word_1_149' title='bbox 133 3107 192 3162; x_wconf 90' lang='lat' dir='ltr'><strong>Duo</strong></span> <span class='ocrx_word' id='word_1_150' title='bbox 198 3108 314 3174; x_wconf 81' lang='lat' dir='ltr'><strong>codices,</strong></span> <span class='ocrx_word' id='word_1_151' title='bbox 325 3109 413 3160; x_wconf 60' lang='lat' dir='ltr'><strong>ermae</strong></span> <span class='ocrx_word' id='word_1_152' title='bbox 419 3127 451 3160; x_wconf 79' lang='lat' dir='ltr'><strong>ne</strong></span> <span class='ocrx_word' id='word_1_153' title='bbox 457 3109 534 3160; x_wconf 83' lang='lat' dir='ltr'><strong>crede.</strong></span> <span class='ocrx_word' id='word_1_154' title='bbox 544 3107 641 3174; x_wconf 79' lang='lat' dir='ltr'><strong>Forte,</strong></span> <span class='ocrx_word' id='word_1_155' title='bbox 688 3110 794 3177; x_wconf 78' lang='lat' dir='ltr'><strong>procul,</strong></span> <span class='ocrx_word' id='word_1_156' title='bbox 815 3125 870 3159; x_wconf 89' lang='lat' dir='ltr'><strong>non</strong></span> <span class='ocrx_word' id='word_1_157' title='bbox 885 3106 1041 3170; x_wconf 72' lang='lat' dir='ltr'><strong>invenuste,</strong></span> <span class='ocrx_word' id='word_1_158' title='bbox 1060 3117 1092 3160; x_wconf 91' lang='lat' dir='ltr'><strong>ut</strong></span> <span class='ocrx_word' id='word_1_159' title='bbox 1105 3107 1132 3176; x_wconf 88' lang='lat' dir='ltr'><strong>in</strong></span> <span class='ocrx_word' id='word_1_160' title='bbox 1143 3108 1206 3161; x_wconf 84' lang='lat' dir='ltr'><strong>sor·</strong></span> <span class='ocrx_word' id='word_1_161' title='bbox 1225 3174 1228 3181; x_wconf 87' lang='lat'><em>.</em></span> 
     </span>
    </p>
   </div>
   <div class='ocr_carea' id='block_1_5' title="bbox 127 3177 1209 4282">
    <p class='ocr_par' dir='ltr' id='par_1_6' title="bbox 127 3177 1209 4282">
     <span class='ocr_line' id='line_1_24' title="bbox 127 3177 1205 3256; baseline 0 -16"><span class='ocrx_word' id='word_1_162' title='bbox 127 3188 224 3256; x_wconf 81' lang='lat' dir='ltr'><strong>fallaci</strong></span> <span class='ocrx_word' id='word_1_163' title='bbox 236 3189 326 3240; x_wconf 75' lang='lat' dir='ltr'><strong>timide</strong></span> <span class='ocrx_word' id='word_1_164' title='bbox 339 3192 363 3240; x_wconf 75' lang='lat' dir='ltr'><strong>te</strong></span> <span class='ocrx_word' id='word_1_165' title='bbox 378 3187 570 3254; x_wconf 69' lang='lat' dir='ltr'><strong>credefigure:</strong></span> <span class='ocrx_word' id='word_1_166' title='bbox 588 3183 642 3236; x_wconf 90' lang='lat' dir='ltr'><strong>duo</strong></span> <span class='ocrx_word' id='word_1_167' title='bbox 691 3188 778 3255; x_wconf 83' lang='lat' dir='ltr'><strong>mula,</strong></span> <span class='ocrx_word' id='word_1_168' title='bbox 782 3191 876 3256; x_wconf 77' lang='lat' dir='ltr'><strong>procul</strong></span> <span class='ocrx_word' id='word_1_169' title='bbox 880 3189 952 3248; x_wconf 65' lang='lat' dir='ltr'><strong>brac,</strong></span> <span class='ocrx_word' id='word_1_170' title='bbox 958 3191 1088 3255; x_wconf 75' lang='lat' dir='ltr'><strong>proculile</strong></span> <span class='ocrx_word' id='word_1_171' title='bbox 1092 3177 1205 3256; x_wconf 61' lang='lat' dir='ltr'><strong>prosam:</strong></span> 
     </span>
     <span class='ocr_line' id='line_1_25' title="bbox 133 3262 1202 3333; baseline 0 -15"><span class='ocrx_word' id='word_1_172' title='bbox 133 3266 208 3319; x_wconf 85' lang='lat' dir='ltr'><strong>etiam</strong></span> <span class='ocrx_word' id='word_1_173' title='bbox 220 3264 298 3332; x_wconf 85' lang='lat' dir='ltr'><strong>libri,</strong></span> <span class='ocrx_word' id='word_1_174' title='bbox 317 3267 421 3318; x_wconf 59' lang='lat' dir='ltr'><strong>usualem</strong></span> <span class='ocrx_word' id='word_1_175' title='bbox 429 3282 461 3316; x_wconf 78' lang='lat' dir='ltr'><strong>ne</strong></span> <span class='ocrx_word' id='word_1_176' title='bbox 471 3265 550 3316; x_wconf 80' lang='lat' dir='ltr'><strong>crede.</strong></span> <span class='ocrx_word' id='word_1_177' title='bbox 567 3262 641 3332; x_wconf 80' lang='lat' dir='ltr'><strong>Virg.</strong></span> <span class='ocrx_word' id='word_1_178' title='bbox 727 3268 781 3318; x_wconf 87' lang='lat'>152.</span> <span class='ocrx_word' id='word_1_179' title='bbox 802 3265 892 3318; x_wconf 79' lang='lat' dir='ltr'><strong>Mollis</strong></span> <span class='ocrx_word' id='word_1_180' title='bbox 914 3267 1029 3322; x_wconf 76' lang='lat' dir='ltr'><strong>alendus.</strong></span> <span class='ocrx_word' id='word_1_181' title='bbox 1046 3265 1110 3318; x_wconf 88' lang='lat' dir='ltr'><strong>Duo</strong></span> <span class='ocrx_word' id='word_1_182' title='bbox 1126 3266 1202 3333; x_wconf 86' lang='lat' dir='ltr'><strong>libri,</strong></span> 
     </span>
     <span class='ocr_line' id='line_1_26' title="bbox 133 3342 1181 3414; baseline -0.004 -17"><span class='ocrx_word' id='word_1_183' title='bbox 133 3342 218 3414; x_wconf 59' lang='grc' dir='ltr'>Εὐας.</span> <span class='ocrx_word' id='word_1_184' title='bbox 232 3359 273 3410; x_wconf 83' lang='grc' dir='ltr'><strong>ιι,</strong></span> <span class='ocrx_word' id='word_1_185' title='bbox 291 3363 318 3412; x_wconf 86' lang='lat'><strong>¹7</strong></span> <span class='ocrx_word' id='word_1_186' title='bbox 330 3361 337 3395; x_wconf 74' lang='grc' dir='ltr'><strong>ι</strong></span> <span class='ocrx_word' id='word_1_187' title='bbox 690 3345 842 3396; x_wconf 77' lang='lat' dir='ltr'><strong>alliciendus</strong></span> <span class='ocrx_word' id='word_1_188' title='bbox 850 3361 937 3408; x_wconf 82' lang='lat' dir='ltr'><strong>amor,</strong></span> <span class='ocrx_word' id='word_1_189' title='bbox 950 3352 980 3395; x_wconf 88' lang='lat' dir='ltr'><strong>ut</strong></span> <span class='ocrx_word' id='word_1_190' title='bbox 992 3342 1035 3396; x_wconf 87' lang='lat' dir='ltr'><strong>tib.</strong></span> <span class='ocrx_word' id='word_1_191' title='bbox 1046 3357 1099 3409; x_wconf 85' lang='lat'><strong>111,</strong></span> <span class='ocrx_word' id='word_1_192' title='bbox 1113 3345 1181 3395; x_wconf 78' lang='lat'>510:</span> 
     </span>
     <span class='ocr_line' id='line_1_27' title="bbox 132 3425 1111 3478; baseline -0.004 -12"><span class='ocrx_word' id='word_1_193' title='bbox 132 3427 239 3468; x_wconf 64' lang='lat' dir='ltr'><strong>oromate</strong></span> <span class='ocrx_word' id='word_1_194' title='bbox 246 3440 305 3478; x_wconf 77' lang='lat' dir='ltr'><strong>puer,</strong></span> <span class='ocrx_word' id='word_1_195' title='bbox 313 3427 398 3464; x_wconf 78' lang='lat' dir='ltr'><strong>nimium</strong></span> <span class='ocrx_word' id='word_1_196' title='bbox 406 3438 431 3464; x_wconf 77' lang='lat' dir='ltr'><strong>ne</strong></span> <span class='ocrx_word' id='word_1_197' title='bbox 440 3425 496 3464; x_wconf 79' lang='lat' dir='ltr'><strong>erade</strong></span> <span class='ocrx_word' id='word_1_198' title='bbox 505 3425 572 3464; x_wconf 79' lang='lat' dir='ltr'><strong>colori.</strong></span> <span class='ocrx_word' id='word_1_199' title='bbox 714 3425 809 3466; x_wconf 80' lang='lat' dir='ltr'><strong>Carnibus</strong></span> <span class='ocrx_word' id='word_1_200' title='bbox 816 3435 846 3464; x_wconf 78' lang='lat' dir='ltr'><strong>est</strong></span> <span class='ocrx_word' id='word_1_201' title='bbox 855 3426 918 3464; x_wconf 75' lang='lat' dir='ltr'><strong>oculis</strong></span> <span class='ocrx_word' id='word_1_202' title='bbox 925 3426 1042 3464; x_wconf 78' lang='lat' dir='ltr'><strong>alliciendas</strong></span> <span class='ocrx_word' id='word_1_203' title='bbox 1048 3438 1111 3464; x_wconf 78' lang='lat' dir='ltr'><strong>amor.</strong></span> 
     </span>
     <span class='ocr_line' id='line_1_28' title="bbox 164 3499 980 3570; baseline -0.004 -16"><span class='ocrx_word' id='word_1_204' title='bbox 164 3505 216 3570; x_wconf 72' lang='grc'><strong>144.</strong></span> <span class='ocrx_word' id='word_1_205' title='bbox 244 3502 329 3568; x_wconf 78' lang='lat' dir='ltr'><strong>Atque</strong></span> <span class='ocrx_word' id='word_1_206' title='bbox 345 3502 449 3569; x_wconf 80' lang='lat' dir='ltr'><strong>aliquid.</strong></span> <span class='ocrx_word' id='word_1_207' title='bbox 471 3499 527 3552; x_wconf 80' lang='lat' dir='ltr'><strong>Au!</strong></span> <span class='ocrx_word' id='word_1_208' title='bbox 545 3501 646 3568; x_wconf 74' lang='lat' dir='ltr'><strong>aliquid</strong></span> <span class='ocrx_word' id='word_1_209' title='bbox 691 3499 728 3553; x_wconf 86' lang='lat' dir='ltr'><strong>Et</strong></span> <span class='ocrx_word' id='word_1_210' title='bbox 738 3499 821 3567; x_wconf 75' lang='lat' dir='ltr'><strong>infra,</strong></span> <span class='ocrx_word' id='word_1_211' title='bbox 834 3501 980 3566; x_wconf 63' lang='lat' dir='ltr'><strong>rursm:</strong></span> 
     </span>
     <span class='ocr_line' id='line_1_29' title="bbox 132 3579 1122 3647; baseline -0.003 -25"><span class='ocrx_word' id='word_1_212' title='bbox 132 3582 258 3635; x_wconf 64' lang='lat' dir='ltr'><strong>uelim-03,</strong></span> <span class='ocrx_word' id='word_1_213' title='bbox 273 3580 376 3634; x_wconf 66' lang='lat' dir='ltr'><strong>Hm,</strong></span> <span class='ocrx_word' id='word_1_214' title='bbox 387 3581 494 3647; x_wconf 65' lang='lat' dir='ltr'><strong>Corpore</strong></span> <span class='ocrx_word' id='word_1_215' title='bbox 501 3579 585 3645; x_wconf 50' lang='grc' dir='ltr'><strong>ηψπ</strong></span> <span class='ocrx_word' id='word_1_216' title='bbox 593 3581 644 3630; x_wconf 75' lang='lat' dir='ltr'><strong>lm-</strong></span> <span class='ocrx_word' id='word_1_217' title='bbox 714 3583 802 3622; x_wconf 68' lang='lat' dir='ltr'><strong>Acribus</strong></span> <span class='ocrx_word' id='word_1_218' title='bbox 808 3591 839 3621; x_wconf 82' lang='lat' dir='ltr'><strong>est</strong></span> <span class='ocrx_word' id='word_1_219' title='bbox 848 3582 935 3620; x_wconf 82' lang='lat' dir='ltr'><strong>stimulis</strong></span> <span class='ocrx_word' id='word_1_220' title='bbox 944 3581 1053 3620; x_wconf 80' lang='lat' dir='ltr'><strong>eliciendus</strong></span> <span class='ocrx_word' id='word_1_221' title='bbox 1060 3594 1122 3620; x_wconf 79' lang='lat' dir='ltr'><strong>aanor.</strong></span> 
     </span>
     <span class='ocr_line' id='line_1_30' title="bbox 131 3655 1205 3727; baseline -0.002 -17"><span class='ocrx_word' id='word_1_222' title='bbox 131 3660 169 3710; x_wconf 74' lang='lat' dir='ltr'><strong>be!</strong></span> <span class='ocrx_word' id='word_1_223' title='bbox 175 3677 245 3711; x_wconf 79' lang='lat' dir='ltr'><strong>unus</strong></span> <span class='ocrx_word' id='word_1_224' title='bbox 254 3656 360 3710; x_wconf 81' lang='lat' dir='ltr'><strong>Heinsii</strong></span> <span class='ocrx_word' id='word_1_225' title='bbox 370 3675 419 3727; x_wconf 89' lang='lat' dir='ltr'><strong>pro</strong></span> <span class='ocrx_word' id='word_1_226' title='bbox 429 3655 500 3708; x_wconf 81' lang='lat' dir='ltr'><strong>varia</strong></span> <span class='ocrx_word' id='word_1_227' title='bbox 510 3655 624 3709; x_wconf 88' lang='lat' dir='ltr'><strong>lectione</strong></span> <span class='ocrx_word' id='word_1_228' title='bbox 634 3673 641 3709; x_wconf 88' lang='lat'><strong>:</strong></span> <span class='ocrx_word' id='word_1_229' title='bbox 689 3656 797 3711; x_wconf 85' lang='lat' dir='ltr'><strong>Deinde</strong></span> <span class='ocrx_word' id='word_1_230' title='bbox 805 3655 1074 3721; x_wconf 82' lang='lat' dir='ltr'><strong>Junianushabebat,</strong></span> <span class='ocrx_word' id='word_1_231' title='bbox 1087 3657 1205 3708; x_wconf 73' lang='lat' dir='ltr'><strong>dulcibus</strong></span> 
     </span>
     <span class='ocr_line' id='line_1_31' title="bbox 132 3732 1202 3804; baseline 0 -20"><span class='ocrx_word' id='word_1_232' title='bbox 132 3751 182 3788; x_wconf 87' lang='lat' dir='ltr'><strong>non</strong></span> <span class='ocrx_word' id='word_1_233' title='bbox 190 3734 298 3798; x_wconf 83' lang='lat' dir='ltr'><strong>male,si</strong></span> <span class='ocrx_word' id='word_1_234' title='bbox 306 3737 372 3788; x_wconf 70' lang='lat' dir='ltr'><strong>habe</strong></span> <span class='ocrx_word' id='word_1_235' title='bbox 380 3735 458 3804; x_wconf 77' lang='lat' dir='ltr'><strong>legas,</strong></span> <span class='ocrx_word' id='word_1_236' title='bbox 468 3753 530 3788; x_wconf 85' lang='lat' dir='ltr'><strong>cum</strong></span> <span class='ocrx_word' id='word_1_237' title='bbox 538 3732 642 3788; x_wconf 83' lang='lat' dir='ltr'><strong>duobus</strong></span> <span class='ocrx_word' id='word_1_238' title='bbox 689 3741 730 3788; x_wconf 83' lang='lat' dir='ltr'><strong>es!</strong></span> <span class='ocrx_word' id='word_1_239' title='bbox 738 3739 834 3803; x_wconf 55' lang='lat' dir='ltr'><strong>sama,</strong></span> <span class='ocrx_word' id='word_1_240' title='bbox 847 3735 915 3787; x_wconf 82' lang='lat' dir='ltr'><strong>sorte</strong></span> <span class='ocrx_word' id='word_1_241' title='bbox 929 3753 978 3804; x_wconf 90' lang='lat' dir='ltr'><strong>pro</strong></span> <span class='ocrx_word' id='word_1_242' title='bbox 988 3738 1090 3800; x_wconf 64' lang='lat' dir='ltr'><strong>linguat.</strong></span> <span class='ocrx_word' id='word_1_243' title='bbox 1102 3733 1202 3786; x_wconf 68' lang='lat' dir='ltr'><strong>Heras.</strong></span> 
     </span>
     <span class='ocr_line' id='line_1_32' title="bbox 133 3809 1204 3881; baseline 0 -17"><span class='ocrx_word' id='word_1_244' title='bbox 133 3811 182 3867; x_wconf 81' lang='lat' dir='ltr'><strong>aliis</strong></span> <span class='ocrx_word' id='word_1_245' title='bbox 194 3813 336 3868; x_wconf 80' lang='lat' dir='ltr'><strong>codicibus.</strong></span> <span class='ocrx_word' id='word_1_246' title='bbox 725 3813 779 3866; x_wconf 84' lang='lat'>153.</span> <span class='ocrx_word' id='word_1_247' title='bbox 789 3812 951 3879; x_wconf 58' lang='lat' dir='ltr'><strong>hibemarat.</strong></span> <span class='ocrx_word' id='word_1_248' title='bbox 960 3814 1059 3878; x_wconf 64' lang='lat' dir='ltr'><strong>Fugere!</strong></span> <span class='ocrx_word' id='word_1_249' title='bbox 1066 3809 1164 3881; x_wconf 78' lang='lat' dir='ltr'><strong>Regius</strong></span> <span class='ocrx_word' id='word_1_250' title='bbox 1176 3821 1204 3864; x_wconf 86' lang='lat' dir='ltr'><strong>et</strong></span> 
     </span>
     <span class='ocr_line' id='line_1_33' title="bbox 162 3887 1203 3960; baseline -0.002 -16"><span class='ocrx_word' id='word_1_251' title='bbox 162 3893 215 3960; x_wconf 73' lang='lat'><strong>146.</strong></span> <span class='ocrx_word' id='word_1_252' title='bbox 232 3893 369 3960; x_wconf 73' lang='lat' dir='ltr'><strong>Asperitas</strong></span> <span class='ocrx_word' id='word_1_253' title='bbox 384 3894 470 3946; x_wconf 74' lang='lat' dir='ltr'><strong>odeum</strong></span> <span class='ocrx_word' id='word_1_254' title='bbox 488 3903 537 3946; x_wconf 84' lang='lat' dir='ltr'><strong>etc.</strong></span> <span class='ocrx_word' id='word_1_255' title='bbox 559 3895 641 3946; x_wconf 80' lang='lat' dir='ltr'><strong>Verba</strong></span> <span class='ocrx_word' id='word_1_256' title='bbox 689 3887 1203 3959; x_wconf 78' lang='lat' dir='ltr'><strong>LineolniensiscurnexoerptisPuteani</strong></span> 
     </span>
     <span class='ocr_line' id='line_1_34' title="bbox 132 3967 1204 4040; baseline -0.004 -18"><span class='ocrx_word' id='word_1_257' title='bbox 132 3978 208 4024; x_wconf 70' lang='lat' dir='ltr'><strong>novet</strong></span> <span class='ocrx_word' id='word_1_258' title='bbox 216 3981 330 4040; x_wconf 85' lang='lat' dir='ltr'><strong>quatuor</strong></span> <span class='ocrx_word' id='word_1_259' title='bbox 338 3970 414 4025; x_wconf 87' lang='lat' dir='ltr'><strong>libri:</strong></span> <span class='ocrx_word' id='word_1_260' title='bbox 428 3969 499 4038; x_wconf 88' lang='lat' dir='ltr'><strong>duo,</strong></span> <span class='ocrx_word' id='word_1_261' title='bbox 510 3974 579 4024; x_wconf 81' lang='lat' dir='ltr'><strong>bella</strong></span> <span class='ocrx_word' id='word_1_262' title='bbox 588 3991 643 4024; x_wconf 76' lang='lat' dir='ltr'><strong>mo-</strong></span> <span class='ocrx_word' id='word_1_263' title='bbox 689 3967 1204 4037; x_wconf 77' lang='lat' dir='ltr'><strong>etScaligeri:credantquoquesequen·</strong></span> 
     </span>
     <span class='ocr_line' id='line_1_35' title="bbox 133 4044 1206 4116; baseline -0.004 -16"><span class='ocrx_word' id='word_1_264' title='bbox 133 4056 189 4103; x_wconf 73' lang='lat' dir='ltr'><strong>nat.</strong></span> <span class='ocrx_word' id='word_1_265' title='bbox 199 4047 430 4104; x_wconf 77' lang='lat' dir='ltr'><strong>commelinianus</strong></span> <span class='ocrx_word' id='word_1_266' title='bbox 441 4069 502 4104; x_wconf 87' lang='lat' dir='ltr'><strong>cum</strong></span> <span class='ocrx_word' id='word_1_267' title='bbox 515 4049 641 4103; x_wconf 86' lang='lat' dir='ltr'><strong>Arunde·</strong></span> <span class='ocrx_word' id='word_1_268' title='bbox 689 4047 709 4100; x_wconf 93' lang='lat' dir='ltr'><strong>ti</strong></span> <span class='ocrx_word' id='word_1_269' title='bbox 723 4063 801 4099; x_wconf 73' lang='lat' dir='ltr'><strong>versu</strong></span> <span class='ocrx_word' id='word_1_270' title='bbox 813 4064 862 4116; x_wconf 87' lang='lat' dir='ltr'><strong>pro</strong></span> <span class='ocrx_word' id='word_1_271' title='bbox 871 4048 992 4108; x_wconf 78' lang='lat' dir='ltr'><strong>creduut,</strong></span> <span class='ocrx_word' id='word_1_272' title='bbox 1011 4044 1094 4100; x_wconf 87' lang='lat' dir='ltr'><strong>iidem</strong></span> <span class='ocrx_word' id='word_1_273' title='bbox 1106 4065 1113 4099; x_wconf 74' lang='lat' dir='ltr'><strong>t</strong></span> <span class='ocrx_word' id='word_1_274' title='bbox 1125 4054 1152 4098; x_wconf 91' lang='lat' dir='ltr'><strong>et</strong></span> <span class='ocrx_word' id='word_1_275' title='bbox 1163 4061 1206 4097; x_wconf 83' lang='lat' dir='ltr'><strong>res</strong></span> 
     </span>
     <span class='ocr_line' id='line_1_36' title="bbox 132 4121 1193 4196; baseline 0 -20"><span class='ocrx_word' id='word_1_276' title='bbox 132 4121 639 4196; x_wconf 60' lang='lat' dir='ltr'><strong>tiano,seraquevertamomt:recreat.</strong></span> <span class='ocrx_word' id='word_1_277' title='bbox 688 4143 737 4196; x_wconf 90' lang='lat' dir='ltr'><strong>pro</strong></span> <span class='ocrx_word' id='word_1_278' title='bbox 747 4144 815 4186; x_wconf 81' lang='lat' dir='ltr'><strong>tem,</strong></span> <span class='ocrx_word' id='word_1_279' title='bbox 828 4123 951 4178; x_wconf 83' lang='lat' dir='ltr'><strong>meliores</strong></span> <span class='ocrx_word' id='word_1_280' title='bbox 962 4142 1057 4178; x_wconf 84' lang='lat' dir='ltr'><strong>omnes</strong></span> <span class='ocrx_word' id='word_1_281' title='bbox 1069 4139 1075 4172; x_wconf 80' lang='lat'><em>=</em></span> <span class='ocrx_word' id='word_1_282' title='bbox 1088 4141 1193 4192; x_wconf 87' lang='lat' dir='ltr'><strong>sequor.</strong></span> 
     </span>
     <span class='ocr_line' id='line_1_37' title="bbox 164 4203 1209 4282; baseline -0.003 -26"><span class='ocrx_word' id='word_1_283' title='bbox 164 4207 192 4256; x_wconf 84' lang='lat'><strong>15</strong></span> <span class='ocrx_word' id='word_1_284' title='bbox 199 4224 220 4256; x_wconf 88' lang='grc' dir='ltr'><strong>ι.</strong></span> <span class='ocrx_word' id='word_1_285' title='bbox 230 4207 293 4260; x_wconf 75' lang='lat' dir='ltr'><strong>Este</strong></span> <span class='ocrx_word' id='word_1_286' title='bbox 298 4209 396 4274; x_wconf 82' lang='lat' dir='ltr'><strong>procul,</strong></span> <span class='ocrx_word' id='word_1_287' title='bbox 405 4210 472 4262; x_wconf 75' lang='lat' dir='ltr'><strong>lites.</strong></span> <span class='ocrx_word' id='word_1_288' title='bbox 484 4205 593 4276; x_wconf 84' lang='lat' dir='ltr'><strong>Neapol.</strong></span> <span class='ocrx_word' id='word_1_289' title='bbox 604 4209 640 4260; x_wconf 74' lang='lat' dir='ltr'><strong>ite</strong></span> <span class='ocrx_word' id='word_1_290' title='bbox 726 4203 782 4270; x_wconf 74' lang='lat'><strong>164.</strong></span> <span class='ocrx_word' id='word_1_291' title='bbox 798 4205 911 4258; x_wconf 75' lang='lat' dir='ltr'><strong>lassatis</strong></span> <span class='ocrx_word' id='word_1_292' title='bbox 917 4205 982 4271; x_wconf 79' lang='lat' dir='ltr'><strong>plus</strong></span> <span class='ocrx_word' id='word_1_293' title='bbox 995 4205 1073 4282; x_wconf 71' lang='lat' dir='ltr'><strong>babet</strong></span> <span class='ocrx_word' id='word_1_294' title='bbox 1084 4207 1128 4258; x_wconf 81' lang='lat' dir='ltr'><strong>ille</strong></span> <span class='ocrx_word' id='word_1_295' title='bbox 1138 4205 1209 4256; x_wconf 64' lang='lat' dir='ltr'><strong>mess»</strong></span> 
     </span>
    </p>
   </div>
   <div class='ocr_carea' id='block_1_6' title="bbox 0 0 1510 5000">
    <p class='ocr_par' dir='ltr' id='par_1_7' title="bbox 0 0 1510 5000">
     <span class='ocr_line' id='line_1_38' title="bbox 0 0 1510 5000; baseline 0 1"><span class='ocrx_word' id='word_1_296' title='bbox 0 0 1510 5000; x_wconf 95' lang='lat' dir='ltr'><strong> </strong></span> 
     </span>
    </p>
   </div>
  </div>
 </body>
</html>
