3009 5000
402 458 655 529 REMEDIA
686 460 902 531 AMORIS.
1129 462 1195 549 4ιό
1221 484 1224 493 ·

163 597 332 699 Quisquis
348 625 403 689 es,
422 628 463 673 er
480 598 561 691 illo,
579 600 689 689 Zoilo,
704 630 830 677 nomen
847 603 963 678 habes.

113 724 161 797 Et
176 741 234 797 tua
250 722 418 821 sacrilegae
434 722 605 801 laniarunt
621 728 767 802 carmina
784 725 927 823 liuguae,

164 845 310 921 Pertulit
325 848 394 923 huc
409 847 518 923 victos
536 878 605 953 quo
624 850 708 951 duce
726 850 831 951 Troja
849 852 950 925 Deos.

116 969 254 1044 Summa
270 970 357 1072 petit
373 969 483 1046 livor:
497 972 640 1074 perllaut
658 973 819 1049 altissima
837 974 928 1049 venti
944 1004 971 1061 ε,

166 1093 303 1168 Summa
319 1112 441 1196 petunt
454 1095 570 1172 dextra
584 1096 727 1172 fulmina
744 1098 846 1172 missa
858 1098 963 1172 Jovis.
1147 1124 1197 1194 370

117 1218 165 1290 At
181 1234 238 1304 tu,
254 1217 457 1321 quicumque
474 1248 529 1309 es,
549 1247 648 1321 quem
665 1238 784 1295 nostra
801 1218 936 1295 licentia
953 1218 1064 1311 laedit;

166 1339 203 1414 si
221 1341 331 1442 sapis,
347 1341 390 1416 ad
404 1371 566 1417 numeros
582 1342 678 1439 exige
697 1342 847 1445 quidque
865 1372 956 1419 suos.

116 1458 232 1534 Fortia
248 1460 403 1533 Moeonio
424 1462 572 1556 gaudent
588 1460 674 1563 pede
691 1459 782 1536 bella
798 1460 931 1536 referri:

165 1574 305 1649 Deliciis
321 1574 389 1649 illic
407 1577 484 1677 quis
501 1576 598 1651 locus
614 1604 686 1651 esse
705 1594 818 1679 potest
835 1578 850 1650 Ρ

119 1690 253 1766 Grande
270 1710 393 1766 sonant
402 1693 537 1788 Tragici
547 1722 556 1781 ;
568 1694 731 1790 Tragicos
744 1693 840 1768 decet
855 1693 905 1768 ira
918 1694 1123 1771 cothurnos:
1149 1719 1201 1789 375

168 1807 298 1882 Usibus
316 1836 333 1881 e
350 1806 470 1882 mediis
490 1838 610 1885 soccus
627 1810 806 1887 habendus
822 1810 896 1886 erit.

117 1924 223 1999 Liber
237 1925 275 1999 in
291 1926 448 2001 adversos
462 1925 579 2001 hostes
598 1929 785 2024 stringatur
798 1928 936 2003 lambus
951 1958 960 2015 3

167 2044 235 2119 Seu
251 2045 358 2133 celer,
373 2062 559 2120 extremum
577 2074 636 2120 seu
653 2044 765 2120 trahat
779 2044 835 2119 ille
852 2045 982 2147 pedem.

117 2159 248 2235 Blanda
262 2161 475 2262 pharetratos
488 2158 626 2257 Elegeia
644 2178 757 2237 cantet
773 2162 940 2250 Amores,

167 2280 215 2352 Et
231 2274 314 2353 levis
328 2276 470 2352 arbitrio
489 2276 583 2351 ludat
600 2278 705 2351 amica
721 2304 795 2351 suo.
1153 2298 1205 2353 380

119 2392 316 2469 Callimachi
335 2394 485 2470 numeris
500 2423 571 2469 nou
589 2412 642 2470 cst
660 2394 824 2471 dicendus
836 2390 1009 2471 Achilles:

151 2593 209 2648 366.
230 2597 351 2663 Quisquis
361 2614 390 2649 es
404 2605 454 2649 etc.
465 2595 559 2651 Recte.
572 2595 638 2652 Non
686 2592 792 2664 plnres,
808 2593 942 2659 plaudat:
961 2609 1048 2658 unus,
1060 2591 1155 2644 laudet.
1168 2591 1206 2645 H.

117 2673 193 2726 enim
203 2674 351 2741 oonstalsat,
363 2673 422 2744 quis
433 2674 561 2744 antonia
571 2675 639 2730 fuis-
686 2670 761 2726 Nihil
778 2681 883 2728 mutem
904 2688 911 2725 ι
928 2668 1057 2736 licenter,
1077 2669 1205 2737 utrecht,

116 2764 158 2807 set
167 2751 266 2806 zoelus.
686 2753 777 2814 ludat,
793 2749 903 2804 nemine
923 2749 1053 2802 obstante.

151 2831 210 2885 358.
220 2833 331 2884 Pertulit
340 2833 391 2883 huc
408 2836 494 2884 ositos
509 2850 557 2900 quo
573 2835 639 2886 duce
721 2827 780 2880 381.
800 2829 859 2880 Nor
878 2829 1068 2880 astruendus.
1088 2830 1148 2882 Nor
1168 2837 1209 2881 ert

123 2911 203 2978 Troja
209 2907 639 2980 Deos.TangitohiterCacbilium
687 2908 853 2966 tractandus.
863 2904 1008 2958 Voulfflffl’
1022 2904 1120 2970 wdtxt
1134 2907 1208 2976 quod

118 2989 272 3052 Pictorem,
286 2989 363 3056 cujus
374 2989 491 3042 exstabat
499 2988 601 3043 libellus
609 2989 638 3043 in
688 3006 746 3043 non
760 2985 835 3040 facile
845 2985 1001 3054 rejecerim:
1014 2986 1121 3058 proprie
1131 2987 1206 3040 enim

119 3067 237 3124 AEneida
246 3109 254 3136 ,
263 3069 307 3122 cui
320 3068 412 3122 titulus
422 3071 639 3134 widomarus,
687 3073 802 3121 tractor!
812 3069 922 3136 alr‘qurm
933 3077 1036 3136 poete,
1050 3085 1134 3136 quum
1149 3069 1208 3137 ejus

120 3144 253 3204 Videatur
268 3147 516 3205 Pseudo-Donatus
530 3147 560 3201 in
576 3149 639 3202 Vita
688 3167 796 3214 mores,
809 3146 948 3216 ingenium
961 3157 988 3200 et
1004 3145 1079 3201 dotes
1089 3148 1207 3202 versibus

120 3226 234 3298 Virgilii.
688 3229 831 3299 diligenter
850 3226 1011 3282 describunt
1043 3228 1083 3282 lta
1101 3229 1207 3300 egregie

153 3305 211 3378 359
232 3305 335 3360 Summa
345 3311 415 3375 peti!
432 3309 503 3359 Ic'ror.
521 3304 641 3361 Velleius
688 3313 943 3374 oacrmpersom
954 3307 981 3360 iu
998 3305 1054 3360 Cic.
1067 3325 1116 3377 pro
1126 3306 1208 3360 Arch.

121 3382 276 3438 Paterculus
283 3383 352 3436 libro
359 3383 516 3454 posteriore,
525 3401 581 3453 cap.
593 3385 641 3451 lo:
687 3405 711 3439 c.
719 3407 744 3452 a,
752 3385 872 3455 exposuit
880 3385 1049 3441 Passeratius.
1060 3384 1096 3438 Et
1104 3386 1139 3438 ita
1146 3405 1209 3438 mox

118 3464 256 3530 Nunquam
269 3465 406 3514 mimalia
415 3462 514 3513 iutilia
527 3466 623 3512 emal.
688 3466 803 3530 Noster,
818 3472 907 3532 partes
922 3473 1083 3533 peragentem
1103 3463 1207 3518 Thaida

153 3540 211 3612 375.
227 3542 350 3604 Versibus
366 3559 381 3592 e
399 3541 499 3592 mediis.
516 3537 640 3592 tlsuuse
688 3542 760 3597 dicit.
769 3543 879 3613 Quare,
889 3561 939 3613 ego
947 3542 1206 3611 tractandus-abipso

118 3622 223 3681 mdt't'su
240 3616 348 3688 Ps‘sslffl·
365 3619 485 3671 Vtm'lm
494 3619 635 3680 ‘Mdfclsae
688 3621 790 3679 ovidio
805 3622 910 3680 fluxisse
931 3634 996 3694 puto
1013 3624 1125 3679 :omnia
1142 3642 1206 3676 vero

119 3697 283 3751 Puteaneus.
293 3694 402 3768 Reliqui
411 3695 531 3766 plerique
542 3693 639 3761 majori
688 3701 861 3769 bitumina,
870 3703 1002 3764 Achates,
1012 3703 1204 3763 Andromache,

119 3794 151 3831 0¹
156 3785 231 3845 parte
241 3814 249 3840 g
263 3777 384 3830 Vmidus
390 3777 417 3827 t'tt
424 3777 522 3828 fledl'ss·
533 3773 570 3826 H.
580 3771 639 3842 Ego
693 3783 776 3835 Tha]-
782 3819 789 3844 g
803 3779 930 3852 capienda
938 3799 986 3850 pm
996 3778 1116 3850 petioni!
1123 3817 1130 3842 g
1142 3796 1207 3846 quas

117 3859 208 3910 matus
216 3873 272 3908 non
280 3853 640 3908 tolleremtsensusesteuim
689 3869 775 3928 poete
783 3859 851 3928 ipsos
859 3858 1056 3927 jubentagere:
1070 3867 1099 3908 ut
1112 3856 1147 3909 ita
1159 3857 1206 3908 Co·

120 3935 248 3991 ermedio
259 3955 308 3990 usu
316 3947 344 3990 et
352 3932 545 3992 consuetudine
555 3933 640 3988 homi·
688 3941 768 3992 mbos
779 3947 807 3991 et
822 3939 946 4006 Tragicos
959 3935 1081 3989 homiues
1092 3934 1144 3988 diri
1156 3953 1206 3988 os-

119 4035 188 4070 mun
204 4015 364 4070 comoediam
374 4035 430 4072 esse
442 4013 639 4070 assumendam.
688 4016 774 4081 tendit
787 4017 893 4088 egregie
906 4016 1045 4085 Bentlejus
1057 4014 1089 4069 ad
1109 4017 1206 4070 Horat.

153 4097 213 4152 tto.
230 4099 268 4150 Et
277 4101 340 4150 leurs
350 4101 456 4151 arbitrio
468 4099 545 4150 ludat
552 4101 640 4150 amata
689 4096 748 4149 Art
760 4095 837 4149 Poet.
848 4094 898 4166 96;
912 4094 956 4147 uhi
971 4096 1074 4148 Thaida
1083 4100 1206 4148 comicum

119 4196 176 4232 suo.
190 4179 307 4241 laudat,
323 4177 440 4248 Regiu'a3
452 4188 480 4231 et
490 4182 583 4231 canta!
591 4194 639 4229 su·
688 4173 820 4228 mercham
836 4194 851 4228 a
870 4174 1011 4244 Propertio
1021 4175 1058 4230 ita
1070 4173 1122 4231 diri
1133 4183 1205 4228 recte

119 4255 318 4328 periorirersu.
331 4257 439 4310 laudat
448 4255 568 4326 quinque
578 4254 636 4308 alii:
688 4252 774 4308 docet
787 4254 887 4308 Busrs.
