3009 5000
341 427 405 528 176
613 437 653 501 e.
688 436 875 504 ovrnu
902 433 1138 505 unsours

332 576 474 651 Pectora
488 571 579 676 quod
596 591 709 648 rostro
726 575 845 648 cornix
861 574 1014 651 fodiebat
1031 595 1149 667 acuto,

381 691 560 789 Ingenium
577 690 720 765 domina
737 691 814 766 lena
830 691 980 766 movebit
996 721 1089 768 anus.
1283 691 1286 696 ’
1357 687 1361 692 ’
1387 721 1424 788 40

332 809 437 910 Quod
455 825 608 884 cunctata
625 807 683 882 diu
700 824 833 882 taurum
850 836 912 883 sua
928 837 1027 884 vacca
1043 807 1202 910 reliquit,

381 923 540 1020 Frigidus
555 923 591 996 in
609 923 712 998 viduo
730 922 910 1000 destituere
930 942 1018 999 toro.

332 1042 449 1130 Livor,
465 1059 500 1116 et
514 1039 653 1116 adverso
671 1039 809 1115 maculae
827 1041 891 1115 sub
908 1058 1047 1142 pectore
1064 1043 1187 1140 nigra,

381 1159 503 1234 Pectus
518 1155 674 1232 adulterii
688 1157 764 1232 labe
782 1186 893 1232 carere
909 1177 1046 1255 negant.

333 1275 472 1350 Dixerat
487 1275 673 1376 interpres:
689 1273 801 1370 gelido
819 1274 904 1348 mihi
922 1277 1061 1373 sanguis
1079 1275 1121 1350 ab
1137 1305 1195 1352 ore
1388 1300 1425 1368 45

381 1391 501 1488 Fugit3
515 1409 550 1466 et
564 1409 640 1466 ante
658 1390 775 1466 oculos
793 1421 862 1467 nox
877 1393 972 1468 stetit
988 1391 1055 1468 alta
1070 1421 1174 1469 meos.

333 1612 451 1681 Pierius,
464 1611 609 1683 legendum
620 1618 748 1678 excussat,
762 1621 791 1667 et
801 1630 851 1684 pro
899 1614 1016 1685 gandam
1037 1631 1053 1668 a
1075 1612 1171 1668 ceteris
1193 1623 1376 1681 censuerant,
1395 1624 1425 1668 et

335 1695 431 1756 silicet,
443 1695 521 1745 sr'lr'ci.
534 1691 634 1746 Bonna.
901 1704 988 1764 poetce
1006 1692 1218 1764 ingeniosissimo
1229 1693 1272 1746 vix
1291 1693 1424 1746 tribuen-

366 1771 408 1837 4⁰·
423 1772 555 1838 regentum
563 1771 854 1824 domiaelemmorebe't
900 1771 963 1824 dam
978 1792 984 1824 :
998 1790 1065 1840 quoa
1076 1781 1107 1824 ut
1123 1789 1252 1841 sequerer
1268 1770 1424 1840 impellebat

334 1868 407 1902 anus.
419 1847 464 1903 sic
476 1849 503 1902 in
517 1867 574 1901 uno
585 1847 722 1901 Maffeian.
730 1851 852 1908 Ieme·
901 1865 958 1901 non
970 1847 1160 1915 mediocriter,
1172 1847 1245 1917 ipsa,
1257 1867 1310 1917 qua
1326 1849 1423 1901 inter-

333 1931 415 1982 vebat.
427 1927 460 1982 ln
473 1927 573 1995 altero,
583 1929 682 1998 pefida
691 1931 851 1980 moriturus.
900 1937 1093 1998 pretemeuum
1101 1924 1216 1980 Ovidius
1225 1925 1368 1980 admiratio
1377 1926 1424 1980 de·

333 2008 368 2060 ln
376 2006 851 2076 Vatican.pmnamorebal.-Scrilm
898 2003 990 2057 vinxit.
999 2003 1074 2073 Quid
1085 2003 1159 2056 enim
1168 2003 1211 2058 hic
1219 2002 1420 2073 deprehendas,

334 2104 397 2140 cum
408 2085 570 2151 melioribus,
584 2105 614 2139 ae
623 2084 711 2154 prima
722 2085 849 2148 editione,
900 2081 972 2151 quod
984 2083 1122 2137 Nasonem
1139 2081 1254 2152 arguat?
1273 2083 1329 2137 lte·
1346 2082 1420 2152 ipsa,

334 2169 395 2218 lena
403 2183 488 2218 anos:
506 2174 609 2236 septem
620 2164 852 2232 alii,proaea.llo-
899 2160 1047 2231 propiuui
1067 2161 1245 2231 spectaverit,
1265 2162 1421 2215 wmmunia

334 2248 402 2298 rabit
414 2245 495 2298 etiarn
510 2245 607 2299 rectius
623 2254 737 2314 quatuor
752 2242 852 2313 scripti.
900 2249 954 2301 eat,
969 2248 997 2291 et
1007 2238 1098 2292 neseio
1110 2237 1174 2308 quid
1188 2237 1268 2291 habet
1279 2240 1421 2293 rusticita-

333 2321 757 2376 Hnrrts.-Morebr'!.11nmotum
765 2319 852 2375 adhuc
899 2314 949 2383 tia,
963 2316 995 2369 ab
1005 2315 1155 2370 urbanitate
1164 2314 1297 2371 Ovidiana
1308 2338 1421 2388 pror-aua

332 2397 373 2451 tui
393 2417 513 2452 amorem
530 2395 657 2467 paulatim
676 2400 799 2462 movebit,
817 2395 851 2452 ad
900 2393 1026 2448 alienum.
1047 2393 1117 2463 Quia
1137 2394 1277 2448 enimvero
1298 2396 1420 2466 scripto-

334 2476 416 2531 alium
428 2486 576 2530 amatorem
590 2474 753 2531 distractura.
899 2491 958 2528 rem
975 2471 1191 2527 delicatissimum
1207 2473 1298 2527 tulerit
1311 2471 1420 2529 Corin-

367 2560 408 2624 45.
434 2558 527 2610 Gelr'do
544 2558 611 2610 matti
627 2560 734 2624 sanguis
755 2558 789 2608 ab
808 2575 851 2609 ore
900 2572 964 2606 narn
976 2553 1119 2621 cuam,vel
1129 2552 1275 2622 quamlibet
1287 2554 1419 2623 amicam,

333 2636 417 2703 lupe
432 2633 465 2688 ln
476 2653 532 2688 uno
545 2634 800 2703 Maffeian.5e!1’dns.
898 2652 962 2686 curn
974 2652 1071 2693 vacca.
1086 2643 1113 2686 et
1128 2632 1216 2703 ipsum
1228 2653 1255 2688 ae
1268 2654 1333 2689 cum
1345 2641 1421 2689 tam

367 2714 409 2779 46.
427 2714 466 2766 Et
474 2718 535 2765 aute
550 2715 637 2766 oculos
646 2730 699 2766 uox
711 2717 784 2766 stetit
794 2716 851 2765 alta
899 2710 1124 2782 comparantem?
1138 2712 1195 2766 Nec
1206 2712 1345 2784 ingeniosa
1354 2734 1419 2769 ma-

334 2809 411 2845 meos,
429 2792 462 2845 In
471 2789 566 2845 eodem
575 2791 686 2846 libam
693 2812 769 2846 meos.
786 2792 850 2847 Per·
898 2793 952 2865 gis,
965 2811 1024 2863 quoe
1037 2791 1109 2847 tolie
1127 2792 1200 2848 tonte
1213 2792 1345 2848 effluunt:
1359 2814 1420 2865 qua

334 2880 417 2943 petuo
433 2868 533 2923 librarii
547 2876 630 2922 arram
652 2880 779 2939 noctem,
800 2889 850 2942 pro
898 2872 919 2926 ei
938 2872 1028 2939 Naso,
1050 2870 1138 2926 invitis
1169 2882 1242 2926 certe
1272 2874 1417 2928 veneribus

334 2952 407 3017 alla,
420 2966 571 3019 reposuere.
584 2946 664 3002 Cror.
897 2948 1244 3021 cupidinibusque,acripeit.
1251 2950 1342 3005 Habet
1349 2952 1416 3022 qui-

899 3028 962 3083 dem
974 3028 1076 3101 stytm,
1090 3029 1162 3084 unde
1175 3032 1262 3102 ipsum
1274 3049 1416 3103 agnoscas:

898 3106 944 3160 sed
959 3118 1046 3161 totum
1059 3128 1126 3179 opus
1138 3129 1229 3163 rerum
1243 3110 1334 3181 inops,
1347 3121 1414 3177 aut,

367 3184 740 3258 Nonposeum,perlectahac
747 3184 849 3257 Elegia,
898 3185 971 3254 quod
986 3187 1062 3257 pejus
1078 3197 1134 3257 est,
1148 3188 1287 3245 abundans
1302 3188 1413 3257 vitiose,

334 3265 399 3335 quin
409 3264 458 3321 illis
470 3276 541 3321 totus
549 3264 695 3331 adsentiar,
704 3263 750 3337 qui
759 3283 851 3335 aegre·
897 3282 980 3318 neruo
991 3284 1048 3320 non
1061 3264 1195 3337 judicabit.

527 3084 664 3108 ι-ιο-ι
