3009 5000
261 484 425 567 Anrr's
458 496 977 569 antecameram.
1086 502 1148 569 aaa

86 640 135 714 dd
150 640 313 713 Venerem
333 639 534 741 quicumque
552 637 646 713 voles
666 638 839 733 adtingere
856 668 981 730 seram,

127 756 162 829 si
178 755 282 830 modo
301 754 446 843 duraris,
464 755 599 857 praemia
617 755 719 853 digua
736 756 832 831 seres.

88 905 258 979 ConsctUS
274 933 347 979 ecce
367 904 452 978 duos
471 905 598 1005 accepit
615 902 721 979 lectus
739 925 908 981 amantes:

128 1020 183 1094 Ad
200 1019 337 1094 thalami
354 1020 497 1109 clausas,
516 1022 632 1110 Musa,
649 1022 765 1096 resiste
783 1022 882 1096 sores.

88 1146 210 1246 Sponte
227 1173 303 1232 sua,
319 1145 389 1219 sine
407 1162 457 1233 te,
474 1141 689 1220 celeberrima
706 1146 808 1222 verba
820 1146 1025 1248 loquentum
1105 1169 1155 1239 ,οε

129 1269 198 1341 Nec
214 1296 333 1342 manus
350 1268 385 1341 in
402 1266 489 1342 lecto
508 1266 587 1341 laeva
602 1268 727 1369 jacebit
743 1270 843 1345 iners.

87 1392 256 1467 Invenient
274 1390 387 1487 digiti,
405 1392 498 1494 quod
515 1410 615 1488 agant
632 1393 669 1467 in
686 1395 841 1495 partibus
857 1392 942 1483 illis,

129 1517 168 1588 ln
186 1514 312 1616 quibus
329 1512 458 1590 occulte
476 1513 605 1617 spicula
621 1512 696 1611 figit
712 1517 828 1592 Amor.

84 1638 170 1713 Fecit
185 1638 222 1711 in
239 1636 474 1713 Andromache
489 1640 584 1741 prius
599 1638 666 1715 hoc
683 1639 886 1716 fortissimus
904 1619 1049 1730 Hector3

128 1764 196 1836 Nec
211 1761 321 1836 solum
338 1760 437 1838 bellis
454 1760 547 1837 utilis
565 1760 621 1839 ille
639 1763 713 1837 suit.
1109 1800 1158 1854 pto

85 1886 171 1961 Fecit
188 1903 222 1961 et
236 1886 273 1960 in
291 1904 388 1989 capta
404 1886 586 1991 Lyrneside
605 1916 747 1984 magnus
765 1885 936 1976 Achilles,

21 2081 25 2091 .
131 2012 248 2109 Quum
263 2031 428 2114 premeret
444 2013 578 2089 mollem
594 2012 703 2089 lassus
719 2014 764 2088 ab
782 2012 878 2087 hoste
896 2030 1019 2086 torum.

87 2134 153 2210 Illis
171 2154 203 2212 te
221 2138 314 2235 tangi
331 2116 506 2229 manibus,
523 2140 653 2229 Brisei,
673 2139 827 2228 sinebas,

130 2260 273 2336 Imbutae
288 2261 435 2364 Phrygia
449 2291 522 2365 quae
538 2292 620 2339 nece
636 2290 766 2364 semper
780 2280 884 2337 erant.

86 2384 137 2457 dn
153 2383 219 2458 fuit
232 2383 299 2459 hoc
316 2384 443 2486 ipsum,
459 2386 551 2488 quod
570 2405 618 2477 te,
636 2385 775 2475 lasciva,
789 2386 935 2486 juvaret,
1106 2406 1156 2476 715

129 2507 186 2581 Ad
202 2524 261 2582 tua
273 2509 423 2583 victrices
441 2511 591 2586 membra
607 2511 721 2586 venire
735 2511 879 2585 manus?

83 2633 186 2708 Crede
203 2633 286 2707 mihi
301 2665 309 2708 :
327 2663 398 2709 non
416 2653 467 2709 est
483 2635 624 2712 Veneris
639 2635 853 2738 properanda
869 2633 1042 2737 voluptas;

129 2757 195 2832 Sed
212 2757 336 2832 sensim
352 2758 446 2832 tarda
462 2756 672 2860 prolicienda
688 2759 794 2834 mora.
902 2820 906 2826 .

83 2879 196 2978 Quum
212 2879 287 2956 loca
302 2881 506 2983 reppereris,
522 2911 596 2984 quae
610 2884 703 2980 tangi
719 2883 843 2958 semina
861 2881 1006 2978 gaudet,

84 3049 87 3054 ·
127 3006 207 3078 Non
226 3003 357 3094 obstet,
375 3023 491 3101 tangas
508 3035 577 3107 quo
592 3003 800 3096 minusuilla,
816 3003 938 3106 pudor.
1105 3039 1167 3092 720,

83 3125 258 3230 Adspiciea
276 3126 394 3204 oculos
412 3127 555 3204 tremulo
573 3126 703 3226 fulgore
720 3128 897 3216 micantes,

114 3360 172 3410 7⁰¹·
185 3343 235 3396 Ad
242 3344 359 3396 Venerem
368 3347 515 3413 quatumque
524 3345 595 3396 voles
643 3345 709 3396 niara
720 3341 911 3410 interpretatur
923 3337 1017 3390 Donaa
1029 3339 1156 3405 poblato,-

83 3430 129 3475 etc.
151 3421 278 3489 Plautus,
296 3421 408 3477 Mercat.
427 3422 498 3477 Proi.
511 3423 563 3476 32:
644 3439 700 3474 uon
712 3439 782 3490 nego
797 3416 861 3473 :sed
880 3415 949 3470 addo
966 3415 1046 3469 simui
1062 3425 1156 3468 notare
1219 3420 1225 3430 “

316 3517 545 3569 ...nummata
643 3517 711 3570 sepe
725 3496 846 3568 repetita.
860 3495 923 3549 vid.
938 3494 971 3549 ad
987 3495 1048 3562 Ill,
1065 3493 1160 3548 Arnon.

82 3589 595 3642 Qunntnttaditngmaatnm‚miunruaut,ta
646 3577 720 3648 Eieg.
733 3593 767 3644 V,
783 3577 807 3630 3.
819 3576 919 3630 Buten.

81 3661 496 3716 Annrpmsenupuemrfflpan,
678 3650 1159 3726 prndlagnucfiirrttsdprosiietduo

112 3739 170 3804 705.
188 3737 249 3789 Saue
259 3744 291 3789 ce.
311 3739 370 3791 Sine
381 3757 420 3791 me
432 3739 553 3794 Francos.
569 3751 595 3796 et
644 3733 702 3800 alit,
716 3733 789 3802 quod
803 3743 963 3804 perpetuum
976 3733 1032 3785 sere
1048 3728 1157 3783 Achillis

81 3811 181 3866 Mor-eti
192 3831 254 3866 curn
263 3813 347 3884 prima
355 3815 470 3870 editione
479 3836 486 3869 ι
496 3826 592 3871 utaen·
644 3811 782 3882 epitheton
795 3831 802 3865 :
814 3811 861 3865 sed
877 3811 1023 3881 precessit,
1035 3809 1157 3877 sordici-

80 3889 176 3956 instit,
184 3890 233 3944 otti
242 3909 290 3960 ego
298 3891 363 3945 nihii
372 3893 528 3963 precipiam.
540 3893 594 3948 Sed
644 3909 700 3943 rcus
713 3891 814 3942 Hector.

80 3967 176 4022 rectia
184 3966 218 4020 ad
226 3967 333 4022 Musam
345 3969 499 4039 magistram
505 3989 594 4024 aerim
680 3967 734 4036 718.
745 3959 1160 4034 Tardapeqtcondammserip·

81 4047 110 4102 fit
120 4049 232 4103 :deinde
245 4050 352 4116 malim,
364 4055 593 4120 verberequerrtur,
643 4045 726 4108 lisere
733 4063 842 4111 01111111,
853 4063 915 4097 111111
928 4042 1012 4112 prim
1024 4041 1155 4107 1111110111,

81 4138 174 4198 sponte
184 4129 334 4198 profluent,
346 4131 381 4184 ita
388 4149 436 4184 sua
443 4135 520 4184 verba
526 4135 599 4201 sequi
639 4126 800 4193 prolicienda
813 4144 822 4177 ··
833 4141 904 4176 unus
924 4122 1037 4192 Regius,
1052 4126 1159 4191 prospi-

81 4227 148 4279 oepe
161 4209 233 4263 dixit.
246 4211 323 4280 Sequi
331 4213 411 4265 etiam
420 4221 447 4265 et
457 4215 529 4281 loqui
537 4231 594 4282 pas-
642 4209 753 4261 cienda:
768 4215 821 4260 tres
831 4208 995 4275 proficienda.
1010 4203 1091 4258 Unde
1108 4221 1157 4256 ar-

81 4285 129 4340 aim
143 4285 326 4342 confuderunt
341 4287 469 4345 Librarii:
483 4292 592 4345 ceteter-
643 4287 727 4341 duum
746 4305 803 4340 non
822 4287 874 4340 suit
889 4286 1056 4356 conjectare,
1066 4286 1156 4350 proli-
