3009 5000
350 485 585 554 anoaon
610 489 640 554 1.
669 489 824 558 nnnc.
854 490 973 579 vnr.

138 635 145 644 '
172 624 238 700 Sed
257 652 350 712 cave,
369 653 411 700 ne
430 625 533 720 gratis
550 626 606 700 hic
624 628 688 700 tibi
705 646 837 704 constet
853 635 963 706 amor!

125 742 216 842 Saepe
234 769 319 836 nega
335 757 451 816 noctes
467 772 475 814 ε
493 743 619 844 capitis·
629 743 732 818 modo
748 744 839 841 finge
856 745 1028 822 tlolorem:

172 861 218 932 Et
234 858 337 932 morlo
356 885 430 960 qna
448 887 563 934 causas
580 860 747 961 praebeat,
766 861 831 935 Isis
848 864 920 937 erit.

125 978 207 1050 Mox
224 977 351 1076 reeipe3
368 993 409 1049 ut
424 974 557 1050 nullum
571 976 722 1078 patiendi
743 977 881 1074 colligat
894 1008 1008 1070 usum,

171 1093 262 1166 Neve
279 1091 475 1166 relentescat
491 1121 578 1194 saepe
593 1093 749 1194 repulsus
768 1119 872 1170 amor.

124 1205 230 1280 Surda
248 1207 293 1280 sit
308 1210 419 1283 oranti
437 1227 495 1284 tua
508 1211 625 1309 janua,
645 1209 718 1284 laxa
733 1209 863 1284 ferenti.

170 1321 300 1396 Audiat
316 1322 441 1398 exclusi
456 1325 557 1400 verba
574 1344 730 1427 receptus
748 1353 874 1401 amans.

124 1438 182 1524 Et,
202 1438 298 1537 quasi
318 1435 395 1516 lasa
410 1440 521 1542 prior,
540 1467 788 1544 nonnunquam
803 1440 945 1519 irascere
961 1442 1063 1518 laeso:

170 1555 339 1629 Vaneseat
354 1555 454 1658 eulpa
469 1557 570 1659 eulpa
585 1585 726 1660 repensa
742 1575 810 1633 tua.

125 1669 188 1743 Sed
202 1698 388 1771 numquam
406 1671 538 1750 dederis
552 1675 740 1777 spatiosum
757 1690 891 1776 tempus
906 1674 942 1746 in
960 1674 1061 1762 iram3

169 1788 264 1888 Sapo
281 1786 467 1865 simultates
483 1791 533 1864 ira
549 1810 680 1867 morata
696 1791 787 1866 lacit

124 1901 334 1998 Quinetiam
351 1902 481 1979 discant
498 1907 589 1981 oculi
606 1907 778 1982 lacrimare
795 1907 918 1994 coacfi,

170 2019 217 2090 Er
230 2016 355 2092 saciant
370 2019 454 2094 udas
470 2020 528 2094 illa
544 2021 596 2096 vel
614 2021 673 2096 illa
688 2051 809 2118 genam

125 2135 210 2220 Nec,
228 2133 257 2206 si
274 2160 374 2235 quem
390 2134 501 2225 falles,
522 2157 559 2212 tu
577 2140 746 2240 periurare
765 2139 899 2212 timeto:

174 2250 376 2326 Commodat
393 2253 502 2329 illusis
519 2256 658 2330 numina
675 2255 777 2330 surda
794 2257 921 2328 Venus.

126 2363 262 2454 Servus,
282 2368 375 2442 etad
392 2388 505 2471 partes
523 2371 629 2447 solers
646 2370 766 2447 ancilla
782 2389 961 2472 parentnr;

157 2566 196 2597 aa.
207 2546 246 2598 El
251 2561 320 2598 care.
328 2546 460 2609 Sedcaoe,
471 2557 542 2601 reete
551 2548 639 2617 prima

125 2622 212 2675 etlitio.
219 2624 422 2693 Neapolitanus,
432 2626 557 2695 sedsuge:
566 2624 639 2696 quod

127 2701 178 2767 iam
191 2711 367 2771 precesserat.
378 2703 480 2759 flurs.

157 2782 196 2848 74.
208 2782 247 2833 Et
255 2783 330 2833 modo
337 2796 393 2849 quo
405 2798 499 2833 causas
507 2784 623 2849 proteat
629 2822 637 2845 ‚

127 2860 175 2909 Isis
185 2862 242 2910 erll.
254 2859 376 2928 Proper-t.
388 2876 514 2929 quoque,
528 2858 576 2925 34:

149 2940 188 2979 tta·
197 2940 272 2979 slmiles
283 2952 343 2991 puros
351 2940 411 2979 Iridis
417 2942 459 2979 iare
466 2941 515 2979 clleo.

129 3012 159 3067 la
177 3010 226 3067 illis
242 3014 316 3067 enim
333 3016 439 3077 diebus,
462 3014 507 3083 qui
525 3030 642 3068 numero

129 3090 518 3159 teoem,aecubabanrtemtnae‚
528 3093 642 3146 etmari-

130 3180 214 3224 torum
237 3170 429 3225 crmsueturline
453 3171 640 3239 abstinebant;

131 3246 197 3301 uncle
210 3249 333 3317 Propert
346 3264 388 3314 11,
401 3248 476 3320 Eleg.
489 3266 574 3318 xxrv,
591 3272 602 3305 ι
617 3264 624 3299 r

131 3332 202 3371 troas
211 3332 253 3383 iam
261 3330 424 3370 naamitarum
435 3332 529 3371 mtmmta
537 3334 593 3373 nohis
601 3343 640 3373 ete.

159 3424 197 3478 79.
210 3406 288 3461 Lm
291 3408 372 3473 pnics.
381 3408 458 3458 Prien
464 3406 594 3461 meliores.
604 3406 641 3460 H.

84 3552 88 3559 Ι
131 3482 231 3553 llerte;
257 3482 293 3536 lta
314 3482 385 3553 apud
402 3482 512 3537 Terent.
536 3484 642 3555 Prolog.

131 3560 249 3615 Eunuch.
277 3562 345 3627 (laria
364 3564 436 3614 Iaesr'!
447 3568 543 3630 paor:
563 3572 594 3615 ut
612 3563 641 3614 in

130 3636 259 3694 anltino
270 3650 297 3694 et
308 3642 437 3694 Vaticano
448 3639 548 3711 reperit
558 3640 642 3696 Faer-

130 3736 184 3772 nus
197 3720 290 3773 Posset
302 3728 329 3772 et
340 3716 406 3790 le'gi,
419 3731 519 3775 mutata
532 3722 642 3775 distino-

132 3800 215 3867 tione,
227 3800 317 3853 forsan
329 3800 463 3853 sttbtlliore
475 3817 554 3855 sensu
567 3822 574 3856 :

132 3890 168 3937 tt,
183 3892 240 3943 quasi
259 3892 317 3939 tum,
331 3891 386 3942 prior
398 3904 539 3945 nonnumquam
559 3892 642 3931 irascere

183 3962 234 4002 tero.
465 3964 541 4003 noan.

161 4036 201 4091 80.
218 4038 350 4092 Vanescit!
360 4042 518 4107 mlrracolm
526 4042 638 4106 repulsa,

133 4110 280 4170 Puteaneus
293 4126 321 4169 et
332 4115 529 4171 Arrmdelianus
542 4130 548 4165 2

154 4196 247 4238 Vnum
256 4198 315 4251 calpa
322 4200 381 4251 culpo
392 4212 472 4251 repensa
482 4210 524 4239 tua.

133 4266 229 4339 llecte,
252 4270 303 4325 uisi
319 4271 391 4340 quod
408 4290 458 4327 sua
476 4270 638 4343 legendum:

687 2546 804 2601 multum
817 2562 872 2599 esse
889 2545 1026 2599 Nasonem
1037 2543 1066 2597 in
1083 2562 1114 2597 ea
1126 2545 1206 2598 locu-

687 2626 824 2693 tionejam
832 2622 892 2677 alibi
901 2622 1056 2675 monuimus
1068 2640 1075 2673 :
1086 2621 1137 2691 nisi
1150 2626 1207 2676 cal-

683 2722 721 2771 pa
729 2722 802 2763 nora,
813 2720 875 2756 eum
885 2701 1045 2755 Samariano
1053 2701 1136 2754 malis.
1148 2700 1207 2754 Co-

689 2780 738 2834 dex
757 2780 864 2847 Jureti,
883 2798 1016 2847 repressa5
1034 2779 1080 2833 sed
1100 2798 1208 2848 repensa

687 2856 758 2914 bene
768 2860 857 2913 habet
871 2858 944 2913 Artis
957 2860 1046 2913 Amat
1059 2858 1162 2931 11,677
1176 2878 1183 2913 :

690 2940 845 2983 tlt-mutan·
854 2942 1031 2981 mma-nu
1038 2941 1156 2993 munt.
1164 2940 1195 2982 11.

725 3017 765 3068 82.
781 3014 888 3069 Monta
893 3013 973 3084 sacal.
986 3014 1071 3069 Dedit
1081 3014 1209 3086 Neapoli·

690 3102 760 3161 tan,
773 3092 846 3147 idem
854 3112 931 3161 mox,
941 3097 1076 3147 Iacrr'mare
1081 3097 1207 3146 decenter.

724 3172 764 3225 85.
774 3174 805 3226 ll
809 3174 974 3241 quemsallas.
982 3172 1207 3225 Fallesmeliores:

691 3253 718 3302 el
734 3266 783 3319 pro
798 3256 827 3301 tn
835 3250 980 3322 peq'umm,
992 3250 1078 3314 sorte,
1091 3252 1157 3301 hacc.
1170 3248 1208 3302 H.

690 3329 824 3395 Peq'umre
832 3328 939 3398 antique
948 3340 976 3381 et
983 3329 1108 3383 Plautino
1114 3328 1205 3395 modo,

691 3425 739 3475 pro
745 3407 863 3475 pejerare
872 3407 982 3474 dictum,
992 3408 1094 3460 notavit
1105 3404 1208 3460 Douaa.

690 3507 723 3527 ⁶-
731 3486 825 3540 Nec..m
833 3486 997 3557 tupeq’amre
1005 3490 1101 3540 timeto.
1111 3487 1207 3540 Acrius

691 3564 772 3617 etiam
784 3564 906 3634 Propert.
919 3565 962 3619 lib.
975 3582 1016 3633 tv,
1029 3566 1104 3635 Eleg.
1117 3568 1143 3632 5,
1155 3586 1186 3634 ²7
1199 3584 1206 3618 ε

690 3648 932 3699 8ροιπείὶὼη,μωοΙνο
937 3650 999 3697 nem,
1007 3648 1109 3687 menania
1118 3649 1206 3688 rumor.

723 3722 764 3774 86.
773 3724 926 3778 Commoda!
929 3726 1021 3776 illustr.
1028 3724 1138 3775 inlusus
1145 3724 1206 3793 qni·

690 3798 760 3853 dam.
774 3800 979 3870 Neapolitanus,
991 3803 1111 3855 inludos.
1130 3804 1206 3856 Com-

690 3881 788 3940 modat,
801 3895 851 3949 pro
863 3882 1046 3933 accomodat
1060 3877 1161 3934 unes.

723 3958 762 4026 87.
775 3959 864 4011 &rsus
878 3963 911 4010 'et
920 3960 1051 4024 adportes
1063 3963 1146 4010 solers
1156 3976 1207 4009 aa·

690 4036 752 4089 cllla
759 4042 888 4103 parentat.
909 4036 1051 4102 Adpattes
1062 4039 1159 4098 solers,
1176 4034 1204 4088 id

690 4125 750 4180 est,
779 4114 826 4182 qui
852 4122 911 4185 apte
933 4120 1023 4181 partes
1042 4132 1100 4167 snas
1124 4122 1203 4182 agat,

690 4202 720 4244 ut
738 4191 831 4245 histrio
842 4190 890 4244 sibi
902 4190 931 4244 in
943 4211 1021 4245 scena
1033 4192 1106 4244 elatas
1117 4201 1204 4260 partes

691 4269 768 4323 docte
786 4280 813 4323 et
830 4269 941 4325 solerter
952 4270 1022 4341 agiu
1046 4280 1074 4323 et
1090 4268 1140 4322 hoc
1156 4288 1203 4323 se-
