3009 5000
307 465 469 534 sarrs
495 466 788 536 antrorum
814 469 914 538 Lm.
943 473 972 538 1.
1114 479 1181 570 259

153 608 293 683 Talibus
310 608 466 682 admissis
481 607 553 684 alea
570 606 708 705 grandis
724 608 823 685 inest.

111 729 184 802 Hac
201 758 221 802 a
236 727 423 802 concubitu
438 726 478 800 lit
491 726 625 816 sedula;
645 726 774 802 tardior
786 726 844 803 illa
858 759 867 802 ε

153 846 232 918 Hac
250 843 395 917 domina
410 872 535 918 munus
552 862 584 919 te
602 862 719 946 parat,
736 842 794 918 illa
813 845 889 919 sibi.

113 961 212 1035 Casus
229 961 265 1034 in
282 976 403 1034 eventu
416 976 468 1033 est
482 990 490 1032 ε
505 958 584 1034 licet
601 959 672 1034 baec
691 959 866 1055 indulgeat
885 962 997 1051 ausis;

156 1076 345 1153 Consilium
363 1094 474 1152 tamen
491 1095 544 1152 cst
560 1076 764 1152 abstinuisse
783 1105 905 1151 mcum.

111 1197 186 1269 Non
202 1223 265 1290 ego
283 1222 343 1296 per
359 1222 509 1295 praeceps
527 1210 561 1267 et
577 1212 675 1266 acuta
686 1195 864 1268 'cacumina
881 1194 999 1272 vadam
1015 1227 1023 1270 :

155 1313 226 1384 Nec
240 1310 401 1410 juvenum
419 1309 616 1410 quisquam,
635 1337 689 1384 mc
704 1309 805 1398 duce,
824 1327 942 1412 captus
956 1313 1029 1388 erit.
1121 1341 1125 1348 ·

112 1427 147 1499 Si
163 1444 274 1500 tamen
292 1424 349 1499 illa
363 1426 444 1514 tibi,
463 1424 544 1499 dum
560 1424 634 1514 dat,
652 1425 840 1528 recipitque
856 1427 1016 1518 tabellas,

157 1546 327 1646 Corpore,
345 1573 418 1617 non
432 1561 564 1617 tantum
581 1541 776 1634 sedulitate,
794 1542 924 1646 placen

110 1665 172 1738 Fac
192 1662 330 1736 domina
345 1662 477 1763 potiare
494 1662 609 1764 prius;
625 1690 738 1736 comcs
752 1660 811 1736 illa
822 1682 992 1764 sequatur.

156 1785 237 1855 Non
256 1781 321 1854 tibi
337 1779 380 1854 ab
398 1778 520 1854 ancilla
537 1797 587 1854 est
601 1779 793 1882 incipienda
810 1781 935 1856 Venus.

112 1900 187 1972 Hoc
203 1926 311 1972 unum
327 1924 468 1984 moneo,
487 1897 519 1968 si
538 1895 622 1996 quid
634 1895 738 1970 modo
760 1896 908 1971 creditur
924 1899 1004 1986 arti,

155 2019 227 2090 Nec
243 2044 316 2090 mea
332 2014 422 2088 dicta
438 2041 540 2115 rapax
556 2041 617 2116 per
631 2042 721 2088 mare
738 2032 859 2089 ventus
876 2017 965 2111 agit3

110 2137 181 2208 Aut
198 2163 270 2207 non
289 2133 445 2220 tentaris,
461 2148 521 2206 aut
535 2129 683 2232 perfice:
705 2128 838 2206 tollitur
856 2131 971 2220 index,

158 2253 277 2350 Quum
294 2248 395 2327 semel
412 2250 449 2322 in
467 2267 598 2351 partem
615 2249 766 2324 criminis
781 2249 856 2351 ipsa
872 2251 974 2326 venit.

110 2370 190 2444 Non
208 2369 278 2443 avis
293 2364 423 2440 utiliter
441 2365 576 2439 viscatis
593 2365 715 2461 effugit
732 2365 817 2440 alis:

156 2489 240 2561 Non
255 2478 343 2560 bene
359 2483 400 2559 de
418 2481 502 2557 laris
520 2483 672 2558 cassibus
690 2483 759 2559 exit
776 2513 866 2588 aper.

111 2605 253 2680 Saucius
270 2619 413 2703 arrepto.
422 2601 526 2703 piscis
544 2616 698 2675 teneatur
714 2601 757 2676 ab
775 2602 888 2699 barno.

156 2720 333 2823 Perprime
351 2736 529 2807 tentatam
544 2745 623 2808 nec,
641 2718 709 2791 nisi
726 2719 851 2808 victor,
871 2718 937 2793 abi.

143 2930 202 3003 379
221 2930 307 2983 Casus
318 2931 346 2981 ie
356 2932 445 2979 eventu
454 2933 507 2989 est,
519 2927 631 2979 lr'cethr'c
678 2926 737 2979 Aut
745 2946 797 2979 uon
808 2933 949 2990 tentasses,
966 2926 1066 2998 Regius
1078 2939 1106 2984 et
1119 2930 1197 2985 multi

109 3011 245 3077 indulgeat
257 3011 337 3059 auset.
354 3005 466 3074 Expone
486 3024 493 3058 :
510 3002 571 3058 licet
587 3003 630 3057 bic
679 3008 730 3061 alii.
745 3008 836 3062 Jureti
851 3008 949 3075 codex,
967 3028 1018 3063 nec
1037 3010 1113 3079 pauci
1133 3012 1196 3075 alii,

111 3097 235 3152 eventus,
243 3085 297 3139 sire
305 3104 388 3149 casus,
394 3083 446 3137 boe
455 3083 628 3151 est,sortuna‚
678 3088 737 3141 Au!
750 3106 801 3141 non
815 3086 1196 3155 tentatr's.010niensis,ten-

97 3168 251 3238 indulgeat
258 3164 335 3231 ausis,
343 3163 369 3217 id
377 3173 425 3229 est,
434 3164 521 3217 faveat
530 3161 630 3224 auden·
678 3171 754 3219 lares.
767 3166 857 3236 Lego,
870 3167 929 3221 Are!
935 3186 988 3219 non
999 3172 1113 3220 teulerr's.
1124 3168 1197 3221 Mu-

111 3247 181 3300 tibus
188 3256 240 3299 ete
251 3242 401 3299 secundnm
408 3240 473 3296 illud
482 3282 490 3308 ,
499 3243 631 3295 Audentes
679 3254 772 3299 terunt
784 3244 848 3298 illud
859 3243 947 3313 scioli,
971 3245 1041 3315 quod
1062 3248 1197 3302 nescirent

104 3324 308 3395 sodemjrwat.
320 3324 384 3379 Non
397 3322 470 3375 enim
479 3340 529 3390 pro
538 3319 631 3389 aliquis
679 3323 802 3377 ultimam
815 3322 942 3397 syllabam
954 3344 1021 3394 saepe
1040 3324 1151 3394 produci
1169 3326 1198 3379 in

110 3406 182 3459 sumi
198 3413 287 3475 potest
298 3402 349 3455 hoc
366 3402 425 3455 loco
437 3404 505 3463 Hic,
518 3410 550 3453 ut
561 3400 631 3454 Me·
679 3401 1081 3470 hujusmodiverbis.Hrrns.-·
1091 3405 1201 3457 Tollitur

110 3486 171 3540 rula
183 3484 310 3555 exponit:
320 3482 367 3537 sed
380 3482 489 3537 relative
499 3482 631 3551 accipicn-
679 3485 771 3546 aedes,
785 3485 867 3550 Quum
878 3487 960 3536 semel
967 3489 994 3537 r‘n
1001 3491 1101 3552 partem
1110 3486 1199 3537 cre'rrre'-

111 3564 180 3618 dum
187 3574 278 3630 est,ut
288 3582 358 3633 sape
371 3562 433 3615 alias
441 3559 516 3614 solet.
526 3560 631 3613 Mrcrr„
679 3565 723 3613 art
732 3564 781 3614 r'lla
792 3566 868 3615 venii.
887 3562 949 3615 Non
963 3572 1069 3615 tanturn
1081 3560 1114 3615 de
1127 3561 1199 3613 indi-

111 3642 213 3713 Scripti
226 3641 349 3711 plurimi,
363 3644 433 3707 bec5
444 3639 575 3693 nimirum
582 3658 632 3693 an·
680 3640 737 3708 cio,
748 3640 823 3713 quod
836 3639 869 3693 ad
881 3640 1019 3695 dominam
1032 3640 1130 3694 deferri
1142 3658 1197 3710 po-

111 3722 171 3777 eilta
183 3742 192 3775 ε
205 3731 235 3775 et
246 3733 326 3775 recte.
340 3721 444 3774 Herus.
681 3732 747 3787 test,
756 3719 939 3789 accipiendum
949 3720 1009 3774 :sed
1018 3720 1100 3791 magis
1112 3718 1145 3773 de
1154 3738 1196 3781 eo,

144 3802 205 3855 381.
217 3800 307 3854 Acuta
314 3804 459 3853 cacumina.
467 3800 522 3853 Pro
528 3801 631 3866 sudare,
682 3798 754 3867 quod
764 3797 797 3851 ad
806 3800 894 3851 virum
902 3800 969 3865 ,sive
977 3799 1116 3851 maritum:
1124 3796 1199 3866 quasi

111 3880 229 3946 melius,
243 3898 305 3932 mea
322 3877 473 3943 sententia,
486 3876 541 3930 duo
554 3877 632 3945 libri,
682 3878 800 3945 diceret,
813 3898 954 3948 nunquam
973 3878 1015 3932 illa
1034 3878 1066 3931 de
1087 3876 1198 3931 domina

111 3956 380 4027 ducamrprofitetur
396 3955 469 4023 enirn
483 3977 512 4009 se
530 3956 634 4027 magis-
682 3956 808 4010 indicabit
820 3958 935 4025 marito,
950 3967 1088 4027 postquam
1102 3956 1157 4027 ipsa
1170 3958 1198 4010 in

113 4036 634 4107 trumetduoemjuventutiNaso.Fran·
682 4036 835 4091 societatem
853 4036 971 4089 criminis
984 4036 1094 4089 venerit.
1114 4035 1199 4106 Quod

111 4118 327 4187 cosnrt.quoqnc
340 4116 633 4187 elegantirepetitione,
682 4115 766 4169 fusius
777 4114 856 4184 paulo
867 4125 943 4185 post,
962 4114 1020 4187 395.

110 4215 160 4261 per
163 4216 280 4263 preceps
285 4216 349 4263 ,per
358 4202 437 4247 acula
448 4199 590 4260 cacumina.
601 4194 633 4247 B.
717 4193 773 4265 394.
797 4195 924 4260 Perprime
941 4200 1071 4247 tentatam.
1094 4192 1124 4247 ld
1141 4202 1199 4257 est,

148 4274 209 4347 389
223 4278 338 4329 Antron
348 4280 468 4339 tenlan's,
482 4282 529 4328 aul
534 4278 634 4344 pefice.
683 4293 767 4344 usque
780 4294 880 4343 preme.
893 4274 937 4329 Sic
945 4278 1120 4343 r'nlerprr'mere,
1131 4271 1201 4343 apud
