3009 5000
287 464 448 547 arms
481 479 768 549 amarorum
793 483 890 551 Lm.
918 488 972 551 11.

1097 488 1162 555 303

16 708 17 713 Ἰ
141 622 249 714 lunge
268 619 336 692 tuis
353 616 513 708 humiles,
528 620 723 710 ambitiose,
741 650 869 697 manus.
914 638 919 649 '

16 730 17 767 ⁴
94 743 156 817 Sed
174 760 284 817 tarnen
301 759 335 815 et
352 770 466 831 servo,
484 742 567 817 levis
584 761 636 818 est
651 744 817 846 impensa,
837 722 972 842 roganti
1114 771 1165 824 255

137 866 276 961 Porrige
293 865 436 939 fortunas
451 894 588 940 munera
605 895 706 968 parva
722 885 797 941 tuae.
916 871 949 879 ”
1005 869 1008 873 ’

16 1013 30 1085 χ’
93 988 228 1085 Porrige
238 1006 281 1071 ,et
297 988 441 1078 ancillae,
459 1020 525 1090 qua
541 1018 658 1091 poenas
669 990 742 1065 loce
758 991 919 1094 pependit

135 1115 223 1187 Lusa
237 1112 380 1187 maritali
402 1112 530 1188 Gallica
546 1132 636 1189 veste
651 1144 780 1190 manns.

89 1236 150 1309 Fac
164 1235 297 1338 plebem
307 1236 415 1343 ,mihi
433 1236 547 1325 crede,
567 1216 658 1312 tuam
674 1268 681 1312 :
697 1240 741 1312 sit
759 1268 889 1340 semper
903 1237 940 1312 in
954 1237 1012 1313 illa

133 1360 282 1449 Janitor,
300 1350 334 1433 et
352 1358 489 1433 thalami
507 1361 565 1463 qui
580 1362 668 1462 jacet
686 1380 762 1437 ante
778 1362 879 1436 fores.

117 1575 173 1639 254.
181 1574 266 1640 June
272 1577 324 1627 tusi
332 1576 447 1636 humiles,
454 1577 595 1636 ambitiose,
645 1574 691 1629 lias
711 1586 737 1629 et
758 1574 872 1645 virgines
889 1574 922 1628 ad
935 1586 1058 1645 stuprum
1074 1574 1164 1631 dede-

85 1650 598 1719 nurus.SiTauaq.Faberconsuluisset
646 1654 849 1721 rentSenatus,
864 1655 976 1707 Retanse
984 1655 1163 1709 ancillsscon-

85 1726 186 1783 codices
206 1728 331 1797 scriptos,
351 1729 458 1783 nonita
474 1742 598 1800 paratra—

86 1806 211 1875 gtadiatus
223 1816 290 1861 esset
303 1806 345 1860 lib.
360 1807 387 1874 l,
410 1806 458 1877 Ep.
473 1824 534 1875 urv3
548 1828 599 1863 uec

85 1884 228 1953 legendum
240 1884 436 1940 contendisset:

107 1971 194 2020 tangere
202 1984 241 2008 nen
250 1970 329 2008 dubites
336 1999 342 2019 ,
349 1970 463 2019 ambitiose,
474 1984 550 2009 mansis.

86 2044 145 2099 Hoc
164 2054 204 2099 est
225 2042 378 2097 carnificare
390 2054 528 2111 arsctores,
542 2062 598 2099 non

86 2121 248 2188 emendare,
261 2140 345 2192 quum
363 2122 391 2175 iu
405 2122 481 2192 Regii
502 2121 598 2177 codicis

84 2198 197 2253 lectione
210 2200 300 2254 omnia
308 2200 361 2255 sint
372 2200 599 2270 planissimazjun-

84 2296 114 2347 ge
124 2282 346 2342 mansioniles,
358 2279 385 2333 id
396 2289 436 2333 est
444 2315 452 2344 ,
461 2298 599 2333 serrorum

85 2369 109 2411 et
117 2358 289 2425 ancillarum,
300 2359 350 2413 tuis
359 2359 489 2431 manibus.
500 2358 600 2429 -Op-

83 2438 146 2491 time
159 2437 304 2491 Burman!
320 2436 376 2506 Qui
385 2436 487 2491 utinam
496 2438 598 2508 saepius,

83 2527 167 2584 quarn·
183 2516 213 2567 in
230 2515 308 2582 alios,
323 2515 352 2568 in
370 2515 542 2586 semetipsum
554 2516 599 2570 lu·

83 2613 142 2664 gem
155 2593 226 2646 lianc
237 2595 361 2648 sanxisset
375 2594 380 2646 !

113 2671 173 2725 256.
192 2673 309 2724 Fortuna
327 2691 430 2726 munera
444 2692 528 2741 parea
542 2677 597 2725 lue.

82 2747 196 2818 Malim,
206 2769 289 2816 parca
299 2769 308 2802 e
319 2769 383 2804 nam
391 2771 473 2818 pam
484 2770 546 2804 mos
556 2771 599 2806 se-

82 2833 182 2901 quitur.
195 2832 241 2886 Sic
255 2831 324 2902 apud
338 2831 491 2887 Martialem
507 2833 551 2886 lib.
563 2850 581 2884 v
589 2871 597 2900 ,

82 2911 174 2982 Epigr.
188 2910 235 2964 ult.
248 2931 296 2980 pro
307 2931 410 2964 munera
424 2931 519 2979 porra,
534 2921 598 2980 puto

82 2987 272 3060 reponendum
277 3007 372 3056 parca,
383 2989 444 3058 qnia
451 2993 550 3042 minora
558 3007 600 3042 se-

82 3069 192 3136 quitur;
207 3085 242 3120 ne
253 3067 293 3120 bis
304 3066 376 3120 idem
390 3066 467 3120 dicat.
481 3067 582 3120 Hasna.

112 3145 174 3198 258.
193 3145 265 3196 Lesa
280 3149 397 3197 maritali
408 3147 515 3198 Gallica
530 3150 600 3196 veste

81 3240 183 3276 naras.
193 3222 316 3290 Primus,
327 3221 397 3292 qnod
408 3223 503 3290 sciam,
513 3223 599 3276 Janus

83 3301 243 3355 Parrhasius
265 3300 298 3354 ad
324 3300 464 3358 Claudiani
486 3303 599 3368 Raptum

81 3383 258 3448 Proserpina,
278 3391 398 3434 mentem
407 3379 519 3434 Nasonis
527 3397 599 3448 pers-

81 3461 153 3530 pexit
167 3479 173 3514 :
186 3461 245 3528 ejus
252 3461 332 3514 rerba
339 3460 501 3524 adscribam,
515 3477 599 3529 quum

78 3539 149 3593 liber
167 3538 211 3591 illc
230 3539 372 3594 difficulter
384 3538 535 3592 inveniatur
546 3556 599 3590 ve-

78 3617 156 3672 nalis.
176 3617 262 3686 Igitur
273 3628 413 3687 postquam
424 3617 539 3683 monuit,
548 3633 600 3685 qua

77 3703 151 3758 lace,
166 3713 223 3749 non
235 3715 303 3765 quc,
318 3696 388 3765 quod
402 3706 492 3750 tamen
505 3713 599 3748 mern-

77 3775 171 3830 branis
184 3774 310 3828 omnibus
321 3774 492 3844 pertinaciter
509 3773 600 3828 inbu-

76 3866 142 3920 ret,
163 3853 261 3923 corrigi
285 3851 404 3919 debere,
426 3853 482 3907 haec
507 3852 598 3906 addit:

78 3953 90 3979 ι
99 3929 237 3986 Aristides
246 3930 365 3988 Milesius
373 3930 406 3984 de
415 3931 493 3985 rebus
503 3931 599 3984 Italicis

76 4011 148 4066 libro
162 4010 265 4080 primo,
286 4010 323 4063 sic
335 4010 370 4063 ait
380 4029 386 4064 :
396 4007 535 4062 Gallorum
547 4007 600 4062 dux

77 4091 274 4159 disponamus,
283 4107 367 4158 quum
376 4088 513 4142 Romanos
521 4087 600 4157 longa

77 4169 162 4223 fusos
173 4165 313 4220 obsidione
320 4165 436 4233 videret,
448 4165 598 4236 postulavit,

78 4258 108 4300 st
121 4247 145 4302 si
158 4245 243 4301 salvos
251 4265 280 4299 se
292 4245 405 4316 vellent,
423 4244 600 4300 matresfami-

647 1732 720 1795 silio,
735 1732 767 1785 ad
781 1732 869 1787 hostes
882 1732 975 1785 babitu
994 1732 1166 1789 dominarum

647 1810 768 1865 submisit
777 1811 896 1872 ancillas;
908 1802 1022 1880 datoque
1034 1812 1067 1903 εὶ)
1080 1812 1116 1867 eis
1129 1814 1166 1867 si-

649 1909 712 1961 gno,
719 1890 859 1959 eruptione
867 1891 935 1943 sacta
942 1890 1059 1943 Romans
1065 1910 1163 1945 somno

647 1987 777 2037 meroque
802 1967 934 2038 depositos
955 1966 1045 2021 Gallos
1069 1988 1163 2026 ornnes

647 2048 809 2101 obtruncant
817 2066 823 2100 ε
831 2058 905 2117 parta
912 2047 1037 2114 motoria,
1047 2048 1166 2103 Ancilla-

646 2126 750 2179 riorum
772 2125 844 2179 diem
864 2126 1013 2179 solemnem
1033 2136 1164 2195 perpetuo

647 2212 800 2257 sanxerunt.
815 2203 961 2255 Historiam
978 2202 1075 2271 repetit
1091 2203 1163 2257 Plu-

647 2281 963 2354 tarchus,Polyaeunsque
969 2280 1084 2335 Macedo
1090 2282 1163 2336 Stra·

648 2362 801 2431 tegematdn
811 2371 913 2413 octavo.
936 2361 1089 2415 Macrobius
1100 2362 1163 2415 alios

647 2450 774 2510 sequutus
782 2450 900 2492 auctores
913 2439 946 2492 ab
959 2438 1074 2492 Aristide
1084 2439 1163 2510 paulo

647 2518 762 2572 deflexit.
781 2517 894 2573 Ovidius
911 2518 1011 2572 amanti
1028 2519 1162 2588 pruriant.

648 2607 678 2652 ut
694 2599 779 2652 Nonis
792 2596 960 2667 Caprotinis,
974 2617 1027 2668 quo
1040 2598 1082 2651 dic
1095 2597 1165 2652 Galli

648 2677 791 2743 occisum,
804 2675 901 2746 aliquid
916 2675 1015 2729 ancillae
1027 2676 1162 2746 largiatur,

647 2764 679 2808 ut
689 2755 799 2810 alacrius
810 2772 920 2824 operam
932 2773 1032 2808 navans
1042 2756 1094 2807 iter
1109 2755 1163 2808 ad·

647 2833 727 2886 sectet
739 2831 771 2885 ad
786 2831 953 2885 dominam.»
968 2834 1035 2886 Haer.
1047 2833 1164 2886 Parrha-

647 2909 976 2978 siusVarrol.v,deLing.
985 2911 1050 2962 Las:
1059 2913 1166 2966 «Nona

648 2986 806 3056 caprotina,
816 2985 887 3054 quod
897 3003 929 3038 eo
939 2986 981 3038 die
994 2987 1021 3038 in
1033 2986 1108 3038 Latio
1117 2989 1135 3039 J
1138 3009 1165 3040 u·

647 3065 714 3116 noni
738 3062 891 3132 Caprotinae
913 3063 1039 3116 mulieres
1058 3066 1164 3118 sacrifi-

647 3153 724 3208 cant,
737 3153 765 3196 et
776 3144 825 3195 sub
838 3142 962 3211 caprifico
977 3143 1095 3210 faciunt,
1110 3154 1137 3196 et
1150 3165 1165 3198 e

648 3221 771 3291 caprifico
779 3220 906 3274 adhibent
912 3221 1022 3291 virgam.
1030 3244 1044 3266 »
1056 3222 1165 3276 Plutar-

649 3300 714 3355 ebus
731 3304 809 3358 udum
829 3302 981 3375 adsparsione
999 3297 1072 3353 ltunc
1091 3299 1164 3354 diem

649 3379 744 3448 passim
752 3377 874 3447 adpellat;
883 3387 911 3431 et
920 3376 1163 3446 aCapresspalude,

650 3458 682 3511 ad
695 3477 775 3528 quam
790 3457 921 3512 Romulus
931 3457 1069 3524 occubuit,
1082 3456 1163 3510 deno·

648 3536 762 3590 minatae
775 3555 828 3589 esse
843 3532 988 3588 contendit

682 3617 739 3688 259.
756 3617 811 3667 Fac
832 3621 908 3666 tuum.
930 3611 1084 3665 imitatione
1104 3611 1163 3669 Te-

649 3693 744 3755 rentii,
757 3691 802 3761 qui
811 3691 924 3761 Adelph.
934 3691 1023 3757 V,v1,
1040 3708 1070 3742 ιο
1082 3691 1165 3741 :Pau-

648 3773 722 3822 tauns
733 3773 832 3837 plebem
839 3769 1057 3838 pranulumsacr'o
1067 3783 1166 3818 meant:

649 3849 700 3903 boc
712 3861 768 3915 est,
785 3852 850 3903 mihi
861 3852 1004 3902 faventem.
1016 3849 1166 3901 Brnsnan.

683 3930 740 3982 abo.
755 3933 809 3996 Qui
809 3931 892 3998 jacet.
903 3933 971 3995 Qua,
982 3928 1166 3996 Argentinen-

649 4007 699 4061 sis:
713 4017 742 4062 ut
759 4009 828 4060 sorte
848 4007 985 4071 ancillam,
1001 4007 1042 4059 vel
1063 4023 1164 4072 anum,

650 4104 709 4156 quae
719 4085 836 4140 domins>
844 4086 1095 4152 cubiculumsesvat,
1105 4105 1167 4156 pos-

649 4176 688 4220 set
701 4165 811 4236 intelligi
822 4187 829 4231 ;
843 4176 873 4218 ut
885 4165 969 4235 Epist.
976 4181 1024 4219 xrs
1035 4206 1042 4233 ‚
1057 4185 1106 4237 19:

650 4250 704 4288 nun
715 4248 767 4289 surus
776 4249 878 4290 udatus
887 4278 894 4298 ,
904 4257 941 4287 ete.

1115 1387 1164 1439 26⁰
1274 1338 1281 1352 .
