3009 5000
997 502 1134 512 ψ...-

258 607 560 746 Aoonnr
606 639 1022 754 1011111111

197 884 271 961 ,on
308 886 507 960 1111110
544 887 627 1001 nr
651 889 857 994 1101111Ι
889 867 1091 970 0111111

505 1117 768 1246 serora.

107 1401 167 1505 Et
178 1433 265 1532 jacet
281 1434 424 1507 Euxinis
440 1452 532 1509 vates
550 1437 726 1511 Romanus
743 1438 780 1512 in
799 1439 891 1514 oris:

146 1553 335 1627 Romanum
351 1571 459 1628 vatem
475 1551 620 1628 barbara
637 1573 725 1629 terra
741 1555 847 1652 tegit!

105 1671 194 1746 Tenn
211 1672 296 1768 tegit
310 1688 438 1758 vatem,
452 1673 666 1773 tenerosqni
685 1670 768 1746 lusit
785 1701 934 1763 amores,

143 1787 308 1878 Barbara,
327 1817 429 1890 qrram
444 1787 564 1884 gelidis
580 1786 680 1862 alluit
697 1789 785 1864 Ister
802 1789 909 1890 aquis.
947 1875 949 1878 ¹

103 1905 161 1979 Nee
176 1921 226 1992 te,
248 1907 378 1994 Roma,
396 1905 523 2008 pudet,
544 1933 619 2007 qnae
632 1921 728 1978 tanto
745 1906 885 1980 immitis
903 1905 1039 1982 alumno
1160 1935 1177 1988 5

143 2021 280 2097 Pectora
296 2022 402 2098 babes
419 2024 503 2125 ipsis
520 2021 719 2097 barbariora
738 2023 862 2096 Getis?

102 2139 240 2240 Ecquid,
256 2141 296 2213 Io
314 2141 442 2228 Musa,
460 2138 627 2242 Scythicis
644 2139 680 2213 in
697 2139 825 2214 linibus
843 2166 932 2236 aegro

39 2312 40 2319 1
141 2257 251 2332 Taedia
269 2257 328 2359 qui
344 2241 457 2332 morbi
473 2256 640 2345 demeret,
656 2254 747 2330 ullus
765 2257 865 2330 erat?
1062 2261 1069 2274 “

39 2356 40 2365 1
101 2373 243 2476 mquid,
260 2373 441 2470 frigidulos
463 2374 521 2476 qui
539 2373 628 2448 lecto
645 2373 837 2474 imponeret
854 2390 967 2462 artus,

139 2492 208 2565 Ant
225 2490 284 2593 qni
302 2488 498 2593 dulciloquo
515 2488 646 2566 falleret
663 2519 721 2566 ore
740 2488 857 2565 diem?
1073 2479 1076 2486 ,

99 2606 161 2680 Ant
176 2608 236 2708 qni
254 2624 398 2681 tentaret
415 2605 564 2683 salientis
585 2626 738 2709 tempora
753 2635 864 2690 venae,

139 2726 208 2798 Aut
223 2723 372 2799 fomenta
389 2753 491 2798 manu
509 2726 567 2827 qni
586 2743 766 2827 properata
784 2724 902 2799 daret?

100 2842 257 2916 fonderet
276 2859 335 2915 ant
351 2840 469 2915 oculos
485 2840 597 2916 media
611 2842 680 2942 jam
697 2859 807 2916 morte
824 2859 996 2931 natantes,

138 2959 207 3031 Ant
224 2955 351 3053 legeret
367 2986 532 3031 summam
546 2958 605 3059 qni
620 2957 699 3059 pius
717 2984 776 3030 ore
793 2956 963 3030 animam?

97 3072 209 3150 Nullus
226 3092 298 3149 crat
311 3104 320 3147 :
335 3073 467 3149 nullus!
484 3091 626 3162 veteres,
644 3092 681 3147 tn
700 3073 800 3160 dura,
818 3072 950 3147 sodales

138 3194 212 3268 Heu
228 3191 349 3295 procul
366 3223 385 3267 a
403 3194 531 3281 Ponto,
549 3193 673 3265 Martia
692 3194 820 3279 Roma,
837 3194 951 3265 tenes!

97 3309 208 3385 Nullus
225 3328 297 3385 erat
313 3308 456 3413 :procul
474 3309 534 3383 ab!
554 3310 698 3410 conjux,
717 3308 880 3410 parvique
896 3328 1059 3413 nepotes:
1195 3366 1198 3374 .

136 3431 204 3503 Nee
221 3428 331 3503 fuerat
348 3428 531 3529 profugum
549 3444 627 3501 nata
645 3444 787 3528 sequuta
803 3444 942 3528 patrem.

96 3544 221 3621 Scilicet
237 3546 399 3621 immanes
412 3546 530 3634 Bessi,
546 3544 690 3646 flavique
709 3542 855 3635 Coralli,

135 3664 282 3739 Antros
299 3661 409 3765 pelliti
427 3692 524 3737 saxea
538 3662 641 3737 corda
661 3662 773 3737 Getae:

95 3774 219 3857 Scilicet
234 3779 393 3855 horribili
411 3780 542 3855 dederit
559 3779 724 3855 solamina
740 3777 836 3853 vultu

135 3897 299 3987 Sarmata,
317 3898 361 3973 ab
380 3918 482 4002 epoto
502 3926 588 4000 saepe
606 3896 780 3973 vehendus
797 3898 909 3997 equo?

96 4008 249 4103 Sarmata,
266 4014 323 4089 cui
338 4014 483 4110 rigidam
500 4014 645 4089 demisso
664 4014 700 4085 in
716 4011 842 4086 lumine
860 4012 1007 4085 frontem

136 4130 230 4205 Mota
245 4130 411 4232 pruinoso
428 4147 578 4231 tempora
596 4129 687 4205 crine
707 4130 853 4203 sonant?

97 4240 153 4318 Sed
170 4264 278 4323 tamen
296 4265 331 4321 et
349 4246 446 4323 Bessi
464 4246 664 4334 extinctum,
680 4263 718 4319 et
732 4245 851 4321 llevere
871 4240 1013 4325 Coralli,
1140 4268 1173 4319 25
