3009 5000
398 473 637 542 AMORUM
667 476 697 540 Ι.
729 475 879 544 ELEG.
908 477 956 544 X.
1168 487 1207 552 51

138 620 178 694 Et
191 617 319 706 vendit,
342 617 436 720 qnod
451 635 636 719 utrnmqne
651 617 761 716 juvat,
781 617 874 720 qnod
891 636 1033 723 uterque
1051 626 1189 725 petebat
1203 659 1210 716 ;

182 741 225 812 Et
238 737 399 840 pretium,
421 737 539 838 quanti
558 734 702 832 gandeat
719 735 809 838 ipsa,
828 736 918 811 facit.

138 855 217 954 Qnae
233 857 348 929 Venus
366 883 407 929 ex
423 881 519 955 aeqno
537 869 678 928 ventura
694 869 746 927 est
763 870 860 949 grata
874 854 1028 947 duobus,

182 969 296 1047 Altera
312 1000 374 1047 cur
391 969 483 1046 illam
499 969 632 1058 vendit,
652 987 686 1044 et
703 967 789 1045 alter
804 971 909 1044 emit?

139 1089 204 1162 Cur
217 1087 301 1162 mihi
319 1088 365 1162 sit
381 1085 523 1176 damno,
543 1085 609 1159 tibi
627 1085 672 1160 sit
688 1083 823 1160 lucrosa
839 1084 1013 1189 voluptas,
1182 1117 1217 1170 ss·

180 1204 290 1303 Quam
308 1204 401 1278 socio
419 1221 516 1278 motu
534 1202 658 1278 femina
675 1204 793 1306 virque
810 1202 952 1279 ferunt?

136 1321 208 1394 Non
224 1321 312 1396 bene
330 1320 490 1396 conducti
506 1319 657 1395 vendunt
673 1320 822 1422 perjuria
838 1337 966 1396 testes:

178 1439 256 1512 Non
272 1439 360 1514 bene
378 1436 491 1514 selecti
508 1437 631 1537 judicis
650 1463 725 1512 arca
741 1453 846 1538 patet.

135 1553 259 1655 Turpe,
279 1583 358 1630 reos
374 1571 463 1629 emta
480 1553 622 1629 miseros
640 1552 818 1629 defendere
833 1551 973 1649 lingua:

178 1671 282 1770 Quod
299 1672 401 1746 faeiat
415 1699 570 1769 magnas,
592 1689 709 1773 turpe,
728 1669 880 1744 tibunal
898 1697 1002 1773 opes:
1181 1697 1214 1767 4.»

134 1789 256 1892 Turpe,
277 1789 345 1863 tori
358 1787 468 1864 redito
488 1815 609 1864 census
628 1815 750 1883 angere
767 1801 946 1889 paternos,

177 1909 222 1982 Et
238 1907 359 1983 faciem
375 1904 471 1980 lucro
489 1904 709 2007 prostituisse
724 1933 830 1980 suam.

40 2089 42 2128 ἰ
137 2025 243 2100 Gratia
258 2051 325 2127 pro
343 2023 446 2099 rebus
462 2023 584 2098 merito
604 2021 749 2097 debetur
765 2021 949 2123 inemptis:

40 2133 42 2154 ¹
177 2143 243 2218 Pro
261 2140 348 2216 male
367 2140 537 2216 conducto
556 2137 663 2236 gratia
680 2135 776 2211 nulla
791 2155 878 2211 toro.

137 2261 252 2334 Omnia
270 2259 460 2335 conductor
477 2255 578 2332 solvit
592 2254 766 2330 :mercede
784 2252 898 2330 soluta

40 2473 41 2476 Ἴ
176 2377 253 2450 Non
270 2392 386 2450 manet
402 2371 514 2448 officio
531 2371 667 2448 debitor
682 2367 740 2444 ille
755 2387 828 2442 tuo.

135 2489 273 2583 Parcite,
293 2489 464 2579 formosae,
479 2489 627 2591 pretium
643 2517 708 2590 pro
725 2504 826 2563 noete
841 2485 985 2589 pacisci!

175 2622 251 2695 Non
270 2618 377 2693 habet
394 2634 532 2692 eventus
548 2614 685 2690 sordida
700 2613 814 2717 praeda
829 2613 952 2687 honos.

134 2743 204 2820 Non
220 2746 291 2821 fuit
310 2742 455 2819 armillas
473 2742 558 2817 tanti
575 2740 745 2843 pepigisse
762 2739 923 2828 Sabinas,

160 2942 196 2996 31,
208 2943 354 2995 Etvende’t.
363 2942 489 3002 Eloenr't,
500 2938 644 3013 Gry-phion
693 2948 820 3010 praetores
831 2938 946 3007 Urbani,
955 2938 1004 2993 snb
1012 2938 1151 2994 sortitione
1160 2942 1209 2997 sac-

135 3018 232 3073 Rectius
244 3018 290 3072 alii
304 3018 359 3071 :ita
371 3018 492 3087 Propert.
503 3032 530 3084 1,
547 3036 573 3070 ιι
585 3054 594 3085 ,
608 3020 643 3086 4:
693 3028 735 3086 ta,
753 3018 887 3088 optimum
902 3036 1036 3087 quemque
1054 3018 1082 3071 in
1101 3023 1211 3074 selectos

153 3102 217 3154 ῬΨ
223 3100 430 3154 mmm·
438 3098 561 3138 manns...
691 3094 793 3165 judiees
803 3096 972 3162 referebant,
985 3105 1016 3148 ut
1030 3106 1141 3149 testatur
1154 3096 1208 3151 Ci-

134 3172 210 3227 aaut
229 3173 292 3229 Mil.
307 3188 348 3240 11,
372 3192 435 3239 ιιι,
457 3174 643 3240 412Noreqo
691 3191 772 3243 cero,
790 3192 841 3243 pro
859 3172 992 3226 Cluentio.
1010 3200 1045 3215 -
1061 3176 1122 3229 Nor
1146 3179 1209 3229 bene

130 3268 237 3316 pum,
255 3272 313 3321 με
323 3256 382 3319 ψει
393 3268 423 3303 se
432 3250 575 3319 venditat,
594 3256 642 3303 in·
686 3258 770 3322 patet.
787 3252 880 3322 Turpe
901 3261 942 3305 est
956 3270 1044 3306 arcam
1055 3264 1147 3323 patere
1158 3257 1209 3324 ju-

133 3338 206 3385 Ιιηὶν.
217 3332 322 3387 Bunst,
690 3331 770 3400 dieis,
783 3332 938 3403 excipiendo
950 3332 1049 3387 venalis
1056 3338 1206 3405 sententie,

161 3410 199 3464 ³2.
210 3414 249 3465 E!
254 3416 375 3480 patriam.
388 3410 483 3478 Forte,
496 3428 525 3463 se
530 3412 642 3479 prelum
690 3410 732 3464 vel
745 3410 826 3465 etiam
834 3409 939 3481 judieii,
953 3410 1046 3482 pretio.

128 3490 200 3557 sace't.
723 3486 765 3553 dli
782 3488 842 3542 Non
853 3494 947 3542 aaut.
965 3490 1063 3559 Forte,
1075 3508 1136 3543 arm
1145 3511 1208 3545 aa·

161 3570 198 3624 33.
211 3572 277 3639 Qre
288 3572 373 3623 Venas
381 3588 416 3621 ex
428 3588 499 3637 equo
508 3578 557 3622 etc.
570 3567 641 3636 Quae
689 3570 757 3621 aet?
768 3566 871 3621 ΗΜ.

132 3646 242 3719 voluptas
252 3650 361 3718 utrique
368 3648 518 3702 eommunis
523 3648 583 3715 erit,
593 3666 641 3701 cnr
723 3646 764 3717 lp
777 3645 1052 3700 Annr‘llar„.Sabinas.
1065 3646 1207 3719 Quasger-

132 3728 222 3781 venalis
234 3725 376 3781 alterutri?
690 3722 888 3777 tabentSabini.
898 3724 1018 3793 Tarpeiae
1025 3725 1141 3778 fabulam
1149 3736 1206 3780 tan·

160 3804 198 3857 38.
218 3807 280 3859 Nor
297 3808 362 3857 deae
378 3804 580 3872 selectijrh'rrt
591 3812 640 3857 etr.
690 3802 737 3872 git,
749 3821 829 3872 quam
838 3804 876 3857 sir
883 3814 975 3857 narrat
982 3803 1040 3858 Liv.
1048 3804 1091 3857 ld».
1100 3822 1122 3873 1,
1131 3825 1153 3858 r„
1162 3824 1207 3861 x1:

133 3880 277 3937 «nausia
289 3882 408 3952 quinque
423 3880 567 3951 (judicum)
579 3882 641 3950 ipsse
692 3902 705 3926 ιι
718 3881 808 3950 Hujus
822 3880 887 3953 (Sp.
897 3882 1017 3952 Tarpeii,
1031 3883 1076 3953 qui
1087 3902 1208 3939 romanas
1328 3945 1330 3948 ,

133 3958 241 4026 pluribus
254 3961 374 4015 discreta
386 3961 539 4015 nominibus
549 3962 639 4025 suere;
690 3970 803 4029 preerat
815 3958 883 4031 arci)
894 3960 977 4014 filiam
992 3963 1124 4033 virginem
1141 3982 1207 4017 auro

132 4037 294 4093 tribunorum
307 4038 375 4105 terh,
387 4043 544 4103 selectorum,
557 4048 585 4091 et
596 4040 642 4107 ju·-
690 4042 838 4111 corrumpit
846 4042 939 4096 Tatius
949 4083 957 4109 ,
967 4052 998 4096 nt
1005 4055 1119 4099 armatos
1125 4045 1153 4098 in
1163 4065 1208 4099 ar-

133 4113 221 4169 dicam.
235 4140 249 4164 υ
264 4118 305 4171 lta
314 4118 431 4184 Plinius,
444 4117 487 4171 lib.
501 4133 607 4185 xxxur,
618 4138 640 4170 a.
689 4136 749 4171 rem
764 4120 872 4189 arripiat
873 4160 912 4172 .....
923 4124 1021 4192 accepti
1031 4124 1154 4176 obrutam
1168 4144 1206 4176 ar·

135 4191 230 4249 Verum
243 4216 300 4249 non
313 4196 364 4249 suit
376 4196 427 4250 hoc
438 4197 526 4250 statim
540 4196 640 4251 ordinis
690 4198 740 4251 ruis
761 4216 896 4253 necavere.
915 4226 949 4239 -·
966 4200 1083 4254 Additur
1092 4201 1205 4270 sabula,

135 4288 242 4344 nomen,
255 4274 300 4337 sed
310 4276 402 4329 sortis:
412 4294 475 4329 nam
487 4275 640 4345 ejudicibos
690 4274 761 4345 quod
779 4278 858 4348 vulgo
871 4276 963 4331 Sabini
981 4297 1073 4334 aureas
1090 4284 1207 4333 armillas
