<?xml version="1.0" encoding="UTF-8"?>
<!DOCTYPE html PUBLIC "-//W3C//DTD XHTML 1.0 Transitional//EN"
    "http://www.w3.org/TR/xhtml1/DTD/xhtml1-transitional.dtd">
<html xmlns="http://www.w3.org/1999/xhtml" xml:lang="en" lang="en">
 <head>
  <title>
</title>
<meta http-equiv="Content-Type" content="text/html;charset=utf-8" />
  <meta name='ocr-system' content='tesseract 3.04.00' />
  <meta name='ocr-capabilities' content='ocr_page ocr_carea ocr_par ocr_line ocrx_word'/>
</head>
<body>
  <div class='ocr_page' id='page_1' title='image "./publiiovidiinas03unkngoog/publiiovidiinas03unkngoog_0143.png"; bbox 0 0 3009 5000; ppageno 0'>
   <div class='ocr_carea' id='block_1_1' title="bbox 336 477 397 544">
    <p class='ocr_par' dir='ltr' id='par_1_1' title="bbox 336 477 397 544">
     <span class='ocr_line' id='line_1_1' title="bbox 336 477 397 544; baseline 0.016 -2"><span class='ocrx_word' id='word_1_1' title='bbox 336 477 397 544; x_wconf 80' lang='lat'><strong>130</strong></span> 
     </span>
    </p>
   </div>
   <div class='ocr_carea' id='block_1_2' title="bbox 618 471 1133 545">
    <p class='ocr_par' dir='ltr' id='par_1_2' title="bbox 618 471 1133 545">
     <span class='ocr_line' id='line_1_2' title="bbox 618 471 1133 545; baseline 0.004 -5"><span class='ocrx_word' id='word_1_2' title='bbox 618 477 657 543; x_wconf 92' lang='lat' dir='ltr'><strong>P.</strong></span> <span class='ocrx_word' id='word_1_3' title='bbox 689 475 867 545; x_wconf 88' lang='lat' dir='ltr'>OVIDII</span> <span class='ocrx_word' id='word_1_4' title='bbox 899 471 1133 543; x_wconf 86' lang='lat' dir='ltr'><strong>NASONIS</strong></span> 
     </span>
    </p>
   </div>
   <div class='ocr_carea' id='block_1_3' title="bbox 327 615 1400 1304">
    <p class='ocr_par' dir='ltr' id='par_1_3' title="bbox 327 615 1202 721">
     <span class='ocr_line' id='line_1_3' title="bbox 327 615 1202 721; baseline -0.002 -28"><span class='ocrx_word' id='word_1_5' title='bbox 327 621 407 721; x_wconf 87' lang='lat' dir='ltr'><strong>Ipsa</strong></span> <span class='ocrx_word' id='word_1_6' title='bbox 423 620 528 721; x_wconf 88' lang='lat' dir='ltr'><strong>perit,</strong></span> <span class='ocrx_word' id='word_1_7' title='bbox 544 618 717 720; x_wconf 77' lang='lat' dir='ltr'>ferturque</span> <span class='ocrx_word' id='word_1_8' title='bbox 734 635 811 692; x_wconf 85' lang='lat' dir='ltr'><strong>toro</strong></span> <span class='ocrx_word' id='word_1_9' title='bbox 829 615 979 693; x_wconf 86' lang='lat' dir='ltr'><strong>resoluta</strong></span> <span class='ocrx_word' id='word_1_10' title='bbox 995 616 1157 719; x_wconf 80' lang='lat' dir='ltr'>capillos:</span> <span class='ocrx_word' id='word_1_11' title='bbox 1198 669 1202 676; x_wconf 91' lang='lat'>-</span> 
     </span>
    </p>

    <p class='ocr_par' dir='ltr' id='par_1_4' title="bbox 329 732 1400 954">
     <span class='ocr_line' id='line_1_4' title="bbox 380 732 1400 837; baseline -0.001 -28"><span class='ocrx_word' id='word_1_12' title='bbox 380 739 426 809; x_wconf 89' lang='lat' dir='ltr'><strong>Et</strong></span> <span class='ocrx_word' id='word_1_13' title='bbox 443 734 601 825; x_wconf 83' lang='lat' dir='ltr'><strong>clamant,</strong></span> <span class='ocrx_word' id='word_1_14' title='bbox 619 734 755 809; x_wconf 86' lang='lat' dir='ltr'><strong>merito!</strong></span> <span class='ocrx_word' id='word_1_15' title='bbox 776 735 835 836; x_wconf 89' lang='lat' dir='ltr'><strong>qui</strong></span> <span class='ocrx_word' id='word_1_16' title='bbox 851 737 955 810; x_wconf 88' lang='lat' dir='ltr'><strong>modo</strong></span> <span class='ocrx_word' id='word_1_17' title='bbox 973 763 1116 837; x_wconf 82' lang='lat' dir='ltr'><strong>cumque</strong></span> <span class='ocrx_word' id='word_1_18' title='bbox 1132 732 1256 809; x_wconf 82' lang='lat' dir='ltr'><strong>vident.</strong></span> <span class='ocrx_word' id='word_1_19' title='bbox 1370 760 1400 826; x_wconf 71' lang='lat'><strong>40</strong></span> 
     </span>
     <span class='ocr_line' id='line_1_5' title="bbox 329 853 1153 954; baseline -0.002 -26"><span class='ocrx_word' id='word_1_20' title='bbox 329 855 399 928; x_wconf 84' lang='lat' dir='ltr'><strong>ista</strong></span> <span class='ocrx_word' id='word_1_21' title='bbox 416 853 472 928; x_wconf 86' lang='lat' dir='ltr'><strong>sed</strong></span> <span class='ocrx_word' id='word_1_22' title='bbox 490 853 646 927; x_wconf 74' lang='lat' dir='ltr'><strong>ethereas</strong></span> <span class='ocrx_word' id='word_1_23' title='bbox 664 871 844 927; x_wconf 77' lang='lat' dir='ltr'><strong>vanescant</strong></span> <span class='ocrx_word' id='word_1_24' title='bbox 856 853 945 926; x_wconf 87' lang='lat' dir='ltr'><strong>dicta</strong></span> <span class='ocrx_word' id='word_1_25' title='bbox 961 881 1024 954; x_wconf 90' lang='lat' dir='ltr'><strong>per</strong></span> <span class='ocrx_word' id='word_1_26' title='bbox 1038 871 1153 941; x_wconf 82' lang='lat' dir='ltr'><strong>auras;</strong></span> 
     </span>
    </p>

    <p class='ocr_par' dir='ltr' id='par_1_5' title="bbox 331 966 1110 1189">
     <span class='ocr_line' id='line_1_6' title="bbox 379 966 1092 1072; baseline -0.006 -28"><span class='ocrx_word' id='word_1_27' title='bbox 379 973 427 1044; x_wconf 89' lang='lat' dir='ltr'><strong>Et</strong></span> <span class='ocrx_word' id='word_1_28' title='bbox 443 971 513 1044; x_wconf 86' lang='lat' dir='ltr'><strong>sint</strong></span> <span class='ocrx_word' id='word_1_29' title='bbox 530 970 703 1045; x_wconf 87' lang='lat' dir='ltr'><strong>ominibus</strong></span> <span class='ocrx_word' id='word_1_30' title='bbox 719 969 872 1072; x_wconf 83' lang='lat' dir='ltr'><strong>pondera</strong></span> <span class='ocrx_word' id='word_1_31' title='bbox 887 966 983 1043; x_wconf 84' lang='lat' dir='ltr'><strong>nulla</strong></span> <span class='ocrx_word' id='word_1_32' title='bbox 998 968 1092 1043; x_wconf 86' lang='lat' dir='ltr'><strong>meis.</strong></span> 
     </span>
     <span class='ocr_line' id='line_1_7' title="bbox 331 1083 1110 1189; baseline -0.003 -30"><span class='ocrx_word' id='word_1_33' title='bbox 331 1087 377 1159; x_wconf 90' lang='lat' dir='ltr'><strong>Di</strong></span> <span class='ocrx_word' id='word_1_34' title='bbox 393 1085 521 1174; x_wconf 84' lang='lat' dir='ltr'>faciles,</span> <span class='ocrx_word' id='word_1_35' title='bbox 538 1113 691 1187; x_wconf 77' lang='lat' dir='ltr'>peccasse</span> <span class='ocrx_word' id='word_1_36' title='bbox 710 1083 811 1160; x_wconf 86' lang='lat' dir='ltr'><strong>semel</strong></span> <span class='ocrx_word' id='word_1_37' title='bbox 826 1084 999 1189; x_wconf 76' lang='lat' dir='ltr'><strong>concedite</strong></span> <span class='ocrx_word' id='word_1_38' title='bbox 1015 1102 1110 1171; x_wconf 90' lang='lat' dir='ltr'><strong>tuto;</strong></span> 
     </span>
    </p>

    <p class='ocr_par' dir='ltr' id='par_1_6' title="bbox 377 1200 1141 1304">
     <span class='ocr_line' id='line_1_8' title="bbox 377 1200 1141 1304; baseline -0.005 -27"><span class='ocrx_word' id='word_1_39' title='bbox 377 1201 418 1277; x_wconf 88' lang='lat' dir='ltr'><strong>Id</strong></span> <span class='ocrx_word' id='word_1_40' title='bbox 435 1202 516 1277; x_wconf 89' lang='lat' dir='ltr'><strong>satis</strong></span> <span class='ocrx_word' id='word_1_41' title='bbox 533 1219 585 1276; x_wconf 88' lang='lat' dir='ltr'><strong>est</strong></span> <span class='ocrx_word' id='word_1_42' title='bbox 598 1232 606 1275; x_wconf 76' lang='grc' dir='ltr'><strong><em>ε</em></strong></span> <span class='ocrx_word' id='word_1_43' title='bbox 621 1229 756 1304; x_wconf 78' lang='lat' dir='ltr'><strong>ponam</strong></span> <span class='ocrx_word' id='word_1_44' title='bbox 769 1200 869 1303; x_wconf 86' lang='lat' dir='ltr'><strong>culpa</strong></span> <span class='ocrx_word' id='word_1_45' title='bbox 885 1203 1033 1276; x_wconf 82' lang='lat' dir='ltr'><strong>secundo</strong></span> <span class='ocrx_word' id='word_1_46' title='bbox 1046 1201 1141 1275; x_wconf 84' lang='lat' dir='ltr'><strong>ferat.</strong></span> 
     </span>
    </p>
   </div>
   <div class='ocr_carea' id='block_1_4' title="bbox 328 1404 848 2963">
    <p class='ocr_par' dir='ltr' id='par_1_7' title="bbox 328 1404 846 1791">
     <span class='ocr_line' id='line_1_9' title="bbox 361 1404 846 1480; baseline -0.006 -19"><span class='ocrx_word' id='word_1_47' title='bbox 361 1407 402 1480; x_wconf 75' lang='lat'><strong>39.</strong></span> <span class='ocrx_word' id='word_1_48' title='bbox 410 1409 546 1476; x_wconf 76' lang='lat' dir='ltr'><strong>Fertnrqne</strong></span> <span class='ocrx_word' id='word_1_49' title='bbox 554 1404 846 1462; x_wconf 73' lang='lat' dir='ltr'><strong>lorusicsarravianus</strong></span> 
     </span>
     <span class='ocr_line' id='line_1_10' title="bbox 328 1484 846 1554; baseline -0.006 -16"><span class='ocrx_word' id='word_1_50' title='bbox 328 1495 355 1538; x_wconf 86' lang='lat' dir='ltr'><strong>et</strong></span> <span class='ocrx_word' id='word_1_51' title='bbox 368 1504 438 1538; x_wconf 90' lang='lat' dir='ltr'><strong>unus</strong></span> <span class='ocrx_word' id='word_1_52' title='bbox 450 1504 481 1538; x_wconf 79' lang='lat' dir='ltr'><strong>ex</strong></span> <span class='ocrx_word' id='word_1_53' title='bbox 494 1484 561 1538; x_wconf 86' lang='lat' dir='ltr'><strong>meis</strong></span> <span class='ocrx_word' id='word_1_54' title='bbox 573 1506 580 1550; x_wconf 91' lang='lat'>;</span> <span class='ocrx_word' id='word_1_55' title='bbox 600 1503 657 1537; x_wconf 89' lang='lat' dir='ltr'><strong>non</strong></span> <span class='ocrx_word' id='word_1_56' title='bbox 670 1501 748 1554; x_wconf 52' lang='lat' dir='ltr'><strong>rogas·</strong></span> <span class='ocrx_word' id='word_1_57' title='bbox 763 1485 846 1537; x_wconf 81' lang='lat' dir='ltr'><strong>bene:</strong></span> 
     </span>
     <span class='ocr_line' id='line_1_11' title="bbox 329 1562 844 1623; baseline -0.006 -8"><span class='ocrx_word' id='word_1_58' title='bbox 329 1564 358 1617; x_wconf 92' lang='lat' dir='ltr'><strong>in</strong></span> <span class='ocrx_word' id='word_1_59' title='bbox 372 1569 426 1616; x_wconf 80' lang='lat' dir='ltr'><strong>loro</strong></span> <span class='ocrx_word' id='word_1_60' title='bbox 439 1562 513 1617; x_wconf 90' lang='lat' dir='ltr'><strong>enim</strong></span> <span class='ocrx_word' id='word_1_61' title='bbox 525 1563 625 1615; x_wconf 90' lang='lat' dir='ltr'><strong>mortui</strong></span> <span class='ocrx_word' id='word_1_62' title='bbox 645 1563 844 1623; x_wconf 68' lang='lat' dir='ltr'><strong>efferebantun</strong></span> 
     </span>
     <span class='ocr_line' id='line_1_12' title="bbox 330 1639 846 1712; baseline -0.01 -17"><span class='ocrx_word' id='word_1_63' title='bbox 330 1641 402 1712; x_wconf 86' lang='lat' dir='ltr'><strong>quod</strong></span> <span class='ocrx_word' id='word_1_64' title='bbox 413 1652 440 1696; x_wconf 86' lang='lat' dir='ltr'><strong>et</strong></span> <span class='ocrx_word' id='word_1_65' title='bbox 452 1642 484 1694; x_wconf 81' lang='lat' dir='ltr'><strong>sb</strong></span> <span class='ocrx_word' id='word_1_66' title='bbox 494 1641 548 1696; x_wconf 84' lang='lat' dir='ltr'><strong>aliis</strong></span> <span class='ocrx_word' id='word_1_67' title='bbox 558 1642 613 1709; x_wconf 86' lang='lat' dir='ltr'><strong>jam</strong></span> <span class='ocrx_word' id='word_1_68' title='bbox 623 1639 846 1694; x_wconf 83' lang='lat' dir='ltr'><strong>animadversum.</strong></span> 
     </span>
     <span class='ocr_line' id='line_1_13' title="bbox 332 1717 830 1791; baseline -0.01 -18"><span class='ocrx_word' id='word_1_69' title='bbox 332 1719 475 1791; x_wconf 77' lang='lat' dir='ltr'><strong>Virgilius,</strong></span> <span class='ocrx_word' id='word_1_70' title='bbox 494 1717 601 1772; x_wconf 82' lang='lat' dir='ltr'><strong>AEneid.</strong></span> <span class='ocrx_word' id='word_1_71' title='bbox 612 1736 660 1784; x_wconf 87' lang='lat' dir='ltr'><strong>vr,</strong></span> <span class='ocrx_word' id='word_1_72' title='bbox 678 1736 743 1770; x_wconf 81' lang='lat' dir='ltr'><strong>vers.</strong></span> <span class='ocrx_word' id='word_1_73' title='bbox 761 1735 830 1769; x_wconf 82' lang='lat' dir='ltr'><strong>aao:</strong></span> 
     </span>
    </p>

    <p class='ocr_par' dir='ltr' id='par_1_8' title="bbox 387 1797 822 1850">
     <span class='ocr_line' id='line_1_14' title="bbox 425 1797 822 1850; baseline -0.011 -8.437"><span class='ocrx_word' id='word_1_74' title='bbox 425 1803 481 1841; x_wconf 73' lang='lat' dir='ltr'><strong>run</strong></span> <span class='ocrx_word' id='word_1_75' title='bbox 488 1801 575 1840; x_wconf 68' lang='lat' dir='ltr'><strong>mon</strong></span> <span class='ocrx_word' id='word_1_76' title='bbox 584 1808 627 1840; x_wconf 85' lang='lat' dir='ltr'><strong>toro</strong></span> <span class='ocrx_word' id='word_1_77' title='bbox 634 1797 706 1838; x_wconf 75' lang='lat' dir='ltr'><strong>deflete</strong></span> <span class='ocrx_word' id='word_1_78' title='bbox 716 1808 822 1850; x_wconf 69' lang='lat' dir='ltr'><strong>reposcant.</strong></span> 
     </span>
    </p>

    <p class='ocr_par' dir='ltr' id='par_1_9' title="bbox 328 1872 848 2166">
     <span class='ocr_line' id='line_1_15' title="bbox 351 1872 848 1943; baseline -0.006 -14"><span class='ocrx_word' id='word_1_79' title='bbox 351 1878 404 1943; x_wconf 50' lang='grc' dir='ltr'><strong>Ἰ40.</strong></span> <span class='ocrx_word' id='word_1_80' title='bbox 416 1877 455 1928; x_wconf 73' lang='lat' dir='ltr'><strong>Et</strong></span> <span class='ocrx_word' id='word_1_81' title='bbox 463 1880 558 1929; x_wconf 75' lang='lat' dir='ltr'><strong>merito.</strong></span> <span class='ocrx_word' id='word_1_82' title='bbox 566 1873 685 1941; x_wconf 82' lang='lat' dir='ltr'><strong>Scilicet,</strong></span> <span class='ocrx_word' id='word_1_83' title='bbox 697 1872 745 1926; x_wconf 86' lang='lat' dir='ltr'><strong>ista</strong></span> <span class='ocrx_word' id='word_1_84' title='bbox 754 1873 848 1942; x_wconf 82' lang='lat' dir='ltr'><strong>periit:</strong></span> 
     </span>
     <span class='ocr_line' id='line_1_16' title="bbox 329 1953 847 2010; baseline -0.01 0"><span class='ocrx_word' id='word_1_85' title='bbox 329 1966 369 2010; x_wconf 86' lang='lat' dir='ltr'><strong>est</strong></span> <span class='ocrx_word' id='word_1_86' title='bbox 387 1955 460 2009; x_wconf 89' lang='lat' dir='ltr'><strong>enim</strong></span> <span class='ocrx_word' id='word_1_87' title='bbox 477 1973 527 2008; x_wconf 81' lang='lat' dir='ltr'><strong>vox</strong></span> <span class='ocrx_word' id='word_1_88' title='bbox 545 1953 726 2008; x_wconf 85' lang='lat' dir='ltr'><strong>clamantium.</strong></span> <span class='ocrx_word' id='word_1_89' title='bbox 750 1953 782 2006; x_wconf 87' lang='lat' dir='ltr'><strong>In</strong></span> <span class='ocrx_word' id='word_1_90' title='bbox 795 1973 847 2005; x_wconf 84' lang='lat' dir='ltr'><strong>ve-</strong></span> 
     </span>
     <span class='ocr_line' id='line_1_17' title="bbox 328 2029 848 2100; baseline -0.01 -12"><span class='ocrx_word' id='word_1_91' title='bbox 328 2033 476 2091; x_wconf 83' lang='lat' dir='ltr'><strong>tustissimis</strong></span> <span class='ocrx_word' id='word_1_92' title='bbox 483 2043 574 2086; x_wconf 85' lang='lat' dir='ltr'><strong>tamen</strong></span> <span class='ocrx_word' id='word_1_93' title='bbox 583 2029 716 2085; x_wconf 74' lang='lat' dir='ltr'><strong>codicibus</strong></span> <span class='ocrx_word' id='word_1_94' title='bbox 723 2031 761 2084; x_wconf 84' lang='lat' dir='ltr'><strong>ita</strong></span> <span class='ocrx_word' id='word_1_95' title='bbox 767 2031 848 2100; x_wconf 86' lang='lat' dir='ltr'><strong>scrip·</strong></span> 
     </span>
     <span class='ocr_line' id='line_1_18' title="bbox 329 2111 646 2166; baseline -0.006 0"><span class='ocrx_word' id='word_1_96' title='bbox 329 2123 388 2166; x_wconf 90' lang='lat' dir='ltr'><strong>tum</strong></span> <span class='ocrx_word' id='word_1_97' title='bbox 402 2122 441 2166; x_wconf 87' lang='lat' dir='ltr'><strong>est</strong></span> <span class='ocrx_word' id='word_1_98' title='bbox 453 2111 503 2165; x_wconf 91' lang='lat' dir='ltr'><strong>hoc</strong></span> <span class='ocrx_word' id='word_1_99' title='bbox 517 2129 646 2165; x_wconf 87' lang='lat' dir='ltr'><strong>carmen:</strong></span> 
     </span>
    </p>

    <p class='ocr_par' dir='ltr' id='par_1_10' title="bbox 329 2195 848 2575">
     <span class='ocr_line' id='line_1_19' title="bbox 352 2195 845 2250; baseline -0.002 -13"><span class='ocrx_word' id='word_1_100' title='bbox 352 2199 379 2238; x_wconf 76' lang='lat' dir='ltr'><strong>Et</strong></span> <span class='ocrx_word' id='word_1_101' title='bbox 387 2199 457 2237; x_wconf 68' lang='lat' dir='ltr'><strong>sumt</strong></span> <span class='ocrx_word' id='word_1_102' title='bbox 462 2227 470 2246; x_wconf 95' lang='lat'><strong>,</strong></span> <span class='ocrx_word' id='word_1_103' title='bbox 479 2199 564 2245; x_wconf 79' lang='lat' dir='ltr'><strong>merito,</strong></span> <span class='ocrx_word' id='word_1_104' title='bbox 577 2197 611 2250; x_wconf 87' lang='lat' dir='ltr'><strong>qui</strong></span> <span class='ocrx_word' id='word_1_105' title='bbox 621 2195 679 2236; x_wconf 77' lang='lat' dir='ltr'><strong>modo</strong></span> <span class='ocrx_word' id='word_1_106' title='bbox 687 2211 773 2249; x_wconf 80' lang='lat' dir='ltr'><strong>numque</strong></span> <span class='ocrx_word' id='word_1_107' title='bbox 783 2197 845 2236; x_wconf 76' lang='lat' dir='ltr'><strong>videt.</strong></span> 
     </span>
     <span class='ocr_line' id='line_1_20' title="bbox 329 2274 846 2341; baseline -0.004 -15"><span class='ocrx_word' id='word_1_108' title='bbox 329 2299 362 2313; x_wconf 89' lang='grc'>-</span> <span class='ocrx_word' id='word_1_109' title='bbox 377 2274 432 2339; x_wconf 80' lang='lat' dir='ltr'><strong>Qui</strong></span> <span class='ocrx_word' id='word_1_110' title='bbox 444 2275 646 2340; x_wconf 71' lang='lat' dir='ltr'><strong>nodosumque,</strong></span> <span class='ocrx_word' id='word_1_111' title='bbox 661 2275 846 2341; x_wconf 74' lang='lat' dir='ltr'><strong>pro&#39;qurituss-</strong></span> 
     </span>
     <span class='ocr_line' id='line_1_21' title="bbox 329 2349 848 2420; baseline 0.004 -16"><span class='ocrx_word' id='word_1_112' title='bbox 329 2351 519 2420; x_wconf 75' lang='lat' dir='ltr'><strong>quescarminis</strong></span> <span class='ocrx_word' id='word_1_113' title='bbox 526 2350 600 2404; x_wconf 83' lang='lat' dir='ltr'><strong>enim</strong></span> <span class='ocrx_word' id='word_1_114' title='bbox 607 2349 762 2404; x_wconf 70' lang='lat' dir='ltr'><strong>necessitate</strong></span> <span class='ocrx_word' id='word_1_115' title='bbox 769 2369 848 2406; x_wconf 78' lang='lat' dir='ltr'><strong>coao-</strong></span> 
     </span>
     <span class='ocr_line' id='line_1_22' title="bbox 329 2427 847 2499; baseline 0.004 -19"><span class='ocrx_word' id='word_1_116' title='bbox 329 2439 371 2482; x_wconf 87' lang='lat' dir='ltr'><strong>tus</strong></span> <span class='ocrx_word' id='word_1_117' title='bbox 389 2428 547 2499; x_wconf 67' lang='lat' dir='ltr'><strong>interposuit</strong></span> <span class='ocrx_word' id='word_1_118' title='bbox 564 2430 646 2480; x_wconf 83' lang='lat' dir='ltr'><strong>modo.</strong></span> <span class='ocrx_word' id='word_1_119' title='bbox 665 2427 794 2482; x_wconf 75' lang='lat' dir='ltr'><strong>Mimos.</strong></span> <span class='ocrx_word' id='word_1_120' title='bbox 812 2455 847 2470; x_wconf 91' lang='lat'><em>-</em></span> 
     </span>
     <span class='ocr_line' id='line_1_23' title="bbox 332 2502 829 2575; baseline -0.004 -14"><span class='ocrx_word' id='word_1_121' title='bbox 332 2510 472 2575; x_wconf 79' lang='lat' dir='ltr'><strong>Qus&#39;rnodo.</strong></span> <span class='ocrx_word' id='word_1_122' title='bbox 484 2511 544 2575; x_wconf 69' lang='lat' dir='ltr'><strong>(ine</strong></span> <span class='ocrx_word' id='word_1_123' title='bbox 551 2502 636 2569; x_wconf 71' lang='lat' dir='ltr'><strong>modo,</strong></span> <span class='ocrx_word' id='word_1_124' title='bbox 650 2504 707 2560; x_wconf 85' lang='lat' dir='ltr'><strong>cod.</strong></span> <span class='ocrx_word' id='word_1_125' title='bbox 720 2506 829 2561; x_wconf 69' lang='lat' dir='ltr'><strong>Douzoe.</strong></span> 
     </span>
    </p>

    <p class='ocr_par' dir='ltr' id='par_1_11' title="bbox 329 2584 847 2873">
     <span class='ocr_line' id='line_1_24' title="bbox 363 2584 847 2650; baseline 0.004 -13"><span class='ocrx_word' id='word_1_126' title='bbox 363 2586 403 2650; x_wconf 75' lang='lat'><strong>42.</strong></span> <span class='ocrx_word' id='word_1_127' title='bbox 415 2588 454 2638; x_wconf 83' lang='grc' dir='ltr'><strong>ΕΙ</strong></span> <span class='ocrx_word' id='word_1_128' title='bbox 461 2590 517 2637; x_wconf 79' lang='lat' dir='ltr'><strong>sin!</strong></span> <span class='ocrx_word' id='word_1_129' title='bbox 525 2588 658 2638; x_wconf 78' lang='lat' dir='ltr'><strong>ominibus.</strong></span> <span class='ocrx_word' id='word_1_130' title='bbox 672 2584 751 2638; x_wconf 89' lang='lat' dir='ltr'><strong>Unus</strong></span> <span class='ocrx_word' id='word_1_131' title='bbox 762 2586 847 2639; x_wconf 82' lang='lat' dir='ltr'><strong>Vati-</strong></span> 
     </span>
     <span class='ocr_line' id='line_1_25' title="bbox 329 2661 846 2733; baseline 0.004 -18"><span class='ocrx_word' id='word_1_132' title='bbox 329 2682 427 2728; x_wconf 81' lang='lat' dir='ltr'><strong>canus,</strong></span> <span class='ocrx_word' id='word_1_133' title='bbox 440 2668 527 2716; x_wconf 74' lang='lat' dir='ltr'><strong>srislct</strong></span> <span class='ocrx_word' id='word_1_134' title='bbox 536 2666 563 2715; x_wconf 81' lang='grc' dir='ltr'><strong>ιἰι</strong></span> <span class='ocrx_word' id='word_1_135' title='bbox 572 2666 713 2730; x_wconf 74' lang='lat' dir='ltr'><strong>omtiss&#39;bns;</strong></span> <span class='ocrx_word' id='word_1_136' title='bbox 723 2672 753 2715; x_wconf 87' lang='lat' dir='ltr'><strong>ut</strong></span> <span class='ocrx_word' id='word_1_137' title='bbox 763 2661 846 2733; x_wconf 82' lang='lat' dir='ltr'><strong>Epist.</strong></span> 
     </span>
     <span class='ocr_line' id='line_1_26' title="bbox 330 2740 846 2810; baseline 0.006 -19"><span class='ocrx_word' id='word_1_138' title='bbox 330 2757 374 2807; x_wconf 87' lang='lat' dir='ltr'><strong>vr,</strong></span> <span class='ocrx_word' id='word_1_139' title='bbox 387 2740 419 2793; x_wconf 82' lang='lat'><strong>65</strong></span> <span class='ocrx_word' id='word_1_140' title='bbox 433 2759 440 2792; x_wconf 72' lang='grc' dir='ltr'>ι</span> <span class='ocrx_word' id='word_1_141' title='bbox 453 2742 601 2793; x_wconf 64' lang='lat' dir='ltr'><strong>Nullumst?</strong></span> <span class='ocrx_word' id='word_1_142' title='bbox 610 2744 637 2793; x_wconf 73' lang='lat' dir='ltr'><strong>cis</strong></span> <span class='ocrx_word' id='word_1_143' title='bbox 646 2744 729 2794; x_wconf 61' lang='lat' dir='ltr'><strong>omine</strong></span> <span class='ocrx_word' id='word_1_144' title='bbox 736 2744 846 2810; x_wconf 76' lang='lat' dir='ltr'><strong>pondus.</strong></span> 
     </span>
     <span class='ocr_line' id='line_1_27' title="bbox 331 2818 712 2873; baseline 0.003 -1"><span class='ocrx_word' id='word_1_145' title='bbox 331 2818 454 2872; x_wconf 85' lang='lat' dir='ltr'><strong>Francos.</strong></span> <span class='ocrx_word' id='word_1_146' title='bbox 471 2822 510 2873; x_wconf 73' lang='lat' dir='ltr'><strong>Es</strong></span> <span class='ocrx_word' id='word_1_147' title='bbox 519 2824 574 2872; x_wconf 75' lang='lat' dir='ltr'><strong>siut</strong></span> <span class='ocrx_word' id='word_1_148' title='bbox 583 2824 610 2873; x_wconf 79' lang='lat' dir='ltr'><strong>ris</strong></span> <span class='ocrx_word' id='word_1_149' title='bbox 622 2824 712 2873; x_wconf 83' lang='lat' dir='ltr'><strong>verbis.</strong></span> 
     </span>
    </p>

    <p class='ocr_par' dir='ltr' id='par_1_12' title="bbox 364 2897 845 2963">
     <span class='ocr_line' id='line_1_28' title="bbox 364 2897 845 2963; baseline 0.008 -14"><span class='ocrx_word' id='word_1_150' title='bbox 364 2897 404 2963; x_wconf 76' lang='lat'><strong>43.</strong></span> <span class='ocrx_word' id='word_1_151' title='bbox 415 2900 541 2951; x_wconf 75' lang='lat' dir='ltr'><strong>peccasse</strong></span> <span class='ocrx_word' id='word_1_152' title='bbox 551 2901 632 2951; x_wconf 80' lang='lat' dir='ltr'><strong>semel</strong></span> <span class='ocrx_word' id='word_1_153' title='bbox 643 2900 773 2953; x_wconf 67' lang='lat' dir='ltr'><strong>concedite</strong></span> <span class='ocrx_word' id='word_1_154' title='bbox 784 2906 845 2953; x_wconf 79' lang='lat' dir='ltr'><strong>Iulo.</strong></span> 
     </span>
    </p>
   </div>
   <div class='ocr_carea' id='block_1_5' title="bbox 894 1401 1405 2952">
    <p class='ocr_par' dir='ltr' id='par_1_13' title="bbox 895 1401 1405 1854">
     <span class='ocr_line' id='line_1_29' title="bbox 895 1401 1401 1470; baseline 0.004 -15"><span class='ocrx_word' id='word_1_155' title='bbox 895 1403 1012 1455; x_wconf 79' lang='lat' dir='ltr'><strong>Veniam</strong></span> <span class='ocrx_word' id='word_1_156' title='bbox 1022 1402 1100 1467; x_wconf 87' lang='lat' dir='ltr'><strong>hanc,</strong></span> <span class='ocrx_word' id='word_1_157' title='bbox 1111 1419 1161 1470; x_wconf 79' lang='lat' dir='ltr'><strong>ego</strong></span> <span class='ocrx_word' id='word_1_158' title='bbox 1169 1419 1273 1470; x_wconf 85' lang='lat' dir='ltr'><strong>precor,</strong></span> <span class='ocrx_word' id='word_1_159' title='bbox 1284 1401 1401 1457; x_wconf 78' lang='lat' dir='ltr'><strong>Coriunae</strong></span> 
     </span>
     <span class='ocr_line' id='line_1_30' title="bbox 896 1478 1405 1550; baseline 0.002 -18"><span class='ocrx_word' id='word_1_160' title='bbox 896 1482 1036 1541; x_wconf 68' lang='lat' dir='ltr'><strong>concedite,</strong></span> <span class='ocrx_word' id='word_1_161' title='bbox 1054 1487 1085 1531; x_wconf 90' lang='lat' dir='ltr'><strong>ut</strong></span> <span class='ocrx_word' id='word_1_162' title='bbox 1096 1479 1206 1549; x_wconf 88' lang='lat' dir='ltr'><strong>impune</strong></span> <span class='ocrx_word' id='word_1_163' title='bbox 1222 1478 1316 1550; x_wconf 72' lang='lat' dir='ltr'><strong>(iulo)</strong></span> <span class='ocrx_word' id='word_1_164' title='bbox 1332 1485 1405 1535; x_wconf 84' lang='lat' dir='ltr'><strong>sessel</strong></span> 
     </span>
     <span class='ocr_line' id='line_1_31' title="bbox 895 1556 1402 1625; baseline 0.002 -16"><span class='ocrx_word' id='word_1_165' title='bbox 895 1556 1049 1625; x_wconf 78' lang='lat' dir='ltr'><strong>peccaverit</strong></span> <span class='ocrx_word' id='word_1_166' title='bbox 1061 1583 1097 1598; x_wconf 90' lang='lat'><strong>·-·</strong></span> <span class='ocrx_word' id='word_1_167' title='bbox 1112 1558 1196 1620; x_wconf 74' lang='lat' dir='ltr'><strong>Tuta,</strong></span> <span class='ocrx_word' id='word_1_168' title='bbox 1211 1556 1373 1625; x_wconf 82' lang='lat' dir='ltr'><strong>Puteaneus,</strong></span> <span class='ocrx_word' id='word_1_169' title='bbox 1388 1577 1402 1610; x_wconf 90' lang='lat' dir='ltr'><strong>a</strong></span> 
     </span>
     <span class='ocr_line' id='line_1_32' title="bbox 895 1634 1401 1706; baseline 0.002 -18"><span class='ocrx_word' id='word_1_170' title='bbox 895 1653 980 1688; x_wconf 84' lang='lat' dir='ltr'><strong>manu</strong></span> <span class='ocrx_word' id='word_1_171' title='bbox 997 1634 1121 1688; x_wconf 83' lang='lat' dir='ltr'><strong>sectmda.</strong></span> <span class='ocrx_word' id='word_1_172' title='bbox 1138 1634 1202 1688; x_wconf 90' lang='lat' dir='ltr'><strong>Duo</strong></span> <span class='ocrx_word' id='word_1_173' title='bbox 1219 1637 1322 1706; x_wconf 84' lang='lat' dir='ltr'><strong>scripti,</strong></span> <span class='ocrx_word' id='word_1_174' title='bbox 1343 1643 1401 1689; x_wconf 76' lang='lat' dir='ltr'><strong>wls.</strong></span> 
     </span>
     <span class='ocr_line' id='line_1_33' title="bbox 897 1711 1402 1784; baseline 0.002 -20"><span class='ocrx_word' id='word_1_175' title='bbox 897 1711 981 1780; x_wconf 87' lang='lat' dir='ltr'><strong>Quod</strong></span> <span class='ocrx_word' id='word_1_176' title='bbox 988 1712 1096 1765; x_wconf 78' lang='lat' dir='ltr'><strong>sortasse</strong></span> <span class='ocrx_word' id='word_1_177' title='bbox 1102 1712 1212 1779; x_wconf 86' lang='lat' dir='ltr'><strong>recte,si</strong></span> <span class='ocrx_word' id='word_1_178' title='bbox 1218 1711 1402 1784; x_wconf 74' lang='lat' dir='ltr'><strong>itadistinguas·</strong></span> 
     </span>
     <span class='ocr_line' id='line_1_34' title="bbox 896 1801 1370 1854; baseline 0.002 -13"><span class='ocrx_word' id='word_1_179' title='bbox 896 1801 923 1842; x_wconf 83' lang='lat' dir='ltr'><strong>ni</strong></span> <span class='ocrx_word' id='word_1_180' title='bbox 931 1801 1015 1850; x_wconf 80' lang='lat' dir='ltr'><strong>fsoiiss,</strong></span> <span class='ocrx_word' id='word_1_181' title='bbox 1028 1814 1118 1854; x_wconf 68' lang='lat' dir='ltr'><strong>peccasse</strong></span> <span class='ocrx_word' id='word_1_182' title='bbox 1130 1802 1190 1841; x_wconf 76' lang='lat' dir='ltr'><strong>esne!</strong></span> <span class='ocrx_word' id='word_1_183' title='bbox 1199 1803 1314 1842; x_wconf 68' lang='lat' dir='ltr'><strong>mdiu!</strong></span> <span class='ocrx_word' id='word_1_184' title='bbox 1325 1813 1370 1842; x_wconf 78' lang='lat' dir='ltr'><strong>sess</strong></span> 
     </span>
    </p>

    <p class='ocr_par' dir='ltr' id='par_1_14' title="bbox 895 1874 1403 2417">
     <span class='ocr_line' id='line_1_35' title="bbox 920 1874 1362 1926; baseline -0.007 -13"><span class='ocrx_word' id='word_1_185' title='bbox 920 1874 945 1913; x_wconf 81' lang='lat' dir='ltr'><strong>td</strong></span> <span class='ocrx_word' id='word_1_186' title='bbox 954 1874 1002 1912; x_wconf 73' lang='lat' dir='ltr'><strong>setis</strong></span> <span class='ocrx_word' id='word_1_187' title='bbox 1012 1887 1018 1914; x_wconf 88' lang='lat'><strong>:</strong></span> <span class='ocrx_word' id='word_1_188' title='bbox 1027 1882 1047 1913; x_wconf 81' lang='lat' dir='ltr'><strong>at</strong></span> <span class='ocrx_word' id='word_1_189' title='bbox 1055 1887 1134 1926; x_wconf 69' lang='lat' dir='ltr'><strong>ponens</strong></span> <span class='ocrx_word' id='word_1_190' title='bbox 1144 1874 1203 1925; x_wconf 71' lang='lat' dir='ltr'><strong>sup·</strong></span> <span class='ocrx_word' id='word_1_191' title='bbox 1214 1875 1302 1914; x_wconf 76' lang='lat' dir='ltr'><strong>seeundo</strong></span> <span class='ocrx_word' id='word_1_192' title='bbox 1308 1874 1362 1913; x_wconf 75' lang='lat' dir='ltr'><strong>isset.</strong></span> 
     </span>
     <span class='ocr_line' id='line_1_36' title="bbox 896 1951 1402 2024; baseline 0 -20"><span class='ocrx_word' id='word_1_193' title='bbox 896 1951 964 2005; x_wconf 78' lang='lat' dir='ltr'><strong>Hoec</strong></span> <span class='ocrx_word' id='word_1_194' title='bbox 975 1951 1157 2019; x_wconf 82' lang='lat' dir='ltr'><strong>Burmannus,</strong></span> <span class='ocrx_word' id='word_1_195' title='bbox 1169 1963 1196 2006; x_wconf 87' lang='lat' dir='ltr'><strong>et</strong></span> <span class='ocrx_word' id='word_1_196' title='bbox 1206 1951 1339 2024; x_wconf 79' lang='lat' dir='ltr'><strong>ingeniose</strong></span> <span class='ocrx_word' id='word_1_197' title='bbox 1348 1953 1402 2022; x_wconf 85' lang='lat' dir='ltr'><strong>qui-</strong></span> 
     </span>
     <span class='ocr_line' id='line_1_37' title="bbox 896 2029 1403 2101; baseline 0 -17"><span class='ocrx_word' id='word_1_198' title='bbox 896 2029 967 2086; x_wconf 84' lang='lat' dir='ltr'><strong>dem.</strong></span> <span class='ocrx_word' id='word_1_199' title='bbox 988 2031 1059 2101; x_wconf 85' lang='lat' dir='ltr'><strong>Quis</strong></span> <span class='ocrx_word' id='word_1_200' title='bbox 1075 2051 1141 2085; x_wconf 80' lang='lat' dir='ltr'><strong>vero</strong></span> <span class='ocrx_word' id='word_1_201' title='bbox 1157 2029 1243 2086; x_wconf 84' lang='lat' dir='ltr'><strong>saivus</strong></span> <span class='ocrx_word' id='word_1_202' title='bbox 1260 2043 1288 2086; x_wconf 87' lang='lat' dir='ltr'><strong>et</strong></span> <span class='ocrx_word' id='word_1_203' title='bbox 1307 2033 1403 2101; x_wconf 75' lang='lat' dir='ltr'><strong>integer</strong></span> 
     </span>
     <span class='ocr_line' id='line_1_38' title="bbox 896 2109 1402 2176; baseline -0.004 -12"><span class='ocrx_word' id='word_1_204' title='bbox 896 2119 982 2165; x_wconf 85' lang='lat' dir='ltr'><strong>textus</strong></span> <span class='ocrx_word' id='word_1_205' title='bbox 998 2112 1150 2176; x_wconf 81' lang='lat' dir='ltr'><strong>emerserit,</strong></span> <span class='ocrx_word' id='word_1_206' title='bbox 1168 2111 1190 2164; x_wconf 92' lang='lat' dir='ltr'><strong>si</strong></span> <span class='ocrx_word' id='word_1_207' title='bbox 1210 2129 1266 2163; x_wconf 89' lang='lat' dir='ltr'><strong>non</strong></span> <span class='ocrx_word' id='word_1_208' title='bbox 1286 2111 1315 2163; x_wconf 91' lang='lat' dir='ltr'><strong>in</strong></span> <span class='ocrx_word' id='word_1_209' title='bbox 1329 2109 1402 2163; x_wconf 78' lang='lat' dir='ltr'><strong>verba</strong></span> 
     </span>
     <span class='ocr_line' id='line_1_39' title="bbox 896 2187 1401 2258; baseline -0.006 -17"><span class='ocrx_word' id='word_1_210' title='bbox 896 2187 994 2255; x_wconf 85' lang='lat' dir='ltr'><strong>modo,</strong></span> <span class='ocrx_word' id='word_1_211' title='bbox 1013 2189 1059 2242; x_wconf 86' lang='lat' dir='ltr'><strong>sed</strong></span> <span class='ocrx_word' id='word_1_212' title='bbox 1077 2190 1106 2242; x_wconf 91' lang='lat' dir='ltr'><strong>in</strong></span> <span class='ocrx_word' id='word_1_213' title='bbox 1122 2188 1206 2258; x_wconf 84' lang='lat' dir='ltr'><strong>ipsam</strong></span> <span class='ocrx_word' id='word_1_214' title='bbox 1219 2187 1332 2242; x_wconf 82' lang='lat' dir='ltr'><strong>auctoris</strong></span> <span class='ocrx_word' id='word_1_215' title='bbox 1341 2206 1401 2241; x_wconf 88' lang='lat' dir='ltr'><strong>seu-</strong></span> 
     </span>
     <span class='ocr_line' id='line_1_40' title="bbox 895 2264 1402 2336; baseline -0.006 -16"><span class='ocrx_word' id='word_1_216' title='bbox 895 2267 1009 2321; x_wconf 75' lang='lat' dir='ltr'><strong>tentiam</strong></span> <span class='ocrx_word' id='word_1_217' title='bbox 1020 2276 1126 2321; x_wconf 85' lang='lat' dir='ltr'><strong>tantum</strong></span> <span class='ocrx_word' id='word_1_218' title='bbox 1137 2267 1185 2321; x_wconf 86' lang='lat' dir='ltr'><strong>sibi</strong></span> <span class='ocrx_word' id='word_1_219' title='bbox 1198 2268 1266 2336; x_wconf 79' lang='lat' dir='ltr'><strong>juris</strong></span> <span class='ocrx_word' id='word_1_220' title='bbox 1277 2264 1402 2320; x_wconf 85' lang='lat' dir='ltr'><strong>emenda-</strong></span> 
     </span>
     <span class='ocr_line' id='line_1_41' title="bbox 896 2346 1180 2417; baseline -0.007 -16"><span class='ocrx_word' id='word_1_221' title='bbox 896 2358 968 2401; x_wconf 83' lang='lat' dir='ltr'><strong>tores</strong></span> <span class='ocrx_word' id='word_1_222' title='bbox 979 2346 1180 2417; x_wconf 72' lang='lat' dir='ltr'><strong>arrogaverint?</strong></span> 
     </span>
    </p>

    <p class='ocr_par' dir='ltr' id='par_1_15' title="bbox 895 2423 1403 2575">
     <span class='ocr_line' id='line_1_42' title="bbox 929 2423 1403 2493; baseline -0.011 -15"><span class='ocrx_word' id='word_1_223' title='bbox 929 2427 969 2492; x_wconf 72' lang='grc'><strong>44.</strong></span> <span class='ocrx_word' id='word_1_224' title='bbox 985 2428 1023 2478; x_wconf 75' lang='lat' dir='ltr'><strong>Es</strong></span> <span class='ocrx_word' id='word_1_225' title='bbox 1035 2431 1102 2478; x_wconf 76' lang='lat' dir='ltr'><strong>satis</strong></span> <span class='ocrx_word' id='word_1_226' title='bbox 1116 2431 1164 2478; x_wconf 78' lang='lat' dir='ltr'><strong>est.</strong></span> <span class='ocrx_word' id='word_1_227' title='bbox 1181 2423 1292 2493; x_wconf 87' lang='lat' dir='ltr'><strong>Scribo,</strong></span> <span class='ocrx_word' id='word_1_228' title='bbox 1307 2427 1403 2479; x_wconf 71' lang='lat' dir='ltr'><strong>Idsairi</strong></span> 
     </span>
     <span class='ocr_line' id='line_1_43' title="bbox 895 2502 1388 2575; baseline -0.006 -18"><span class='ocrx_word' id='word_1_229' title='bbox 895 2512 952 2557; x_wconf 77' lang='lat' dir='ltr'><strong>est:</strong></span> <span class='ocrx_word' id='word_1_230' title='bbox 962 2504 1007 2558; x_wconf 87' lang='lat' dir='ltr'><strong>lib.</strong></span> <span class='ocrx_word' id='word_1_231' title='bbox 1019 2520 1071 2571; x_wconf 85' lang='lat'><strong>111,</strong></span> <span class='ocrx_word' id='word_1_232' title='bbox 1088 2504 1162 2575; x_wconf 81' lang='lat' dir='ltr'><strong>Eieg.</strong></span> <span class='ocrx_word' id='word_1_233' title='bbox 1176 2522 1215 2570; x_wconf 87' lang='lat' dir='ltr'><strong>n,</strong></span> <span class='ocrx_word' id='word_1_234' title='bbox 1229 2506 1279 2558; x_wconf 89' lang='lat' dir='ltr'><strong>sub</strong></span> <span class='ocrx_word' id='word_1_235' title='bbox 1292 2502 1388 2557; x_wconf 83' lang='lat' dir='ltr'><strong>finem:</strong></span> 
     </span>
    </p>

    <p class='ocr_par' dir='ltr' id='par_1_16' title="bbox 894 2586 1405 2952">
     <span class='ocr_line' id='line_1_44' title="bbox 918 2586 1328 2627; baseline -0.007 0"><span class='ocrx_word' id='word_1_236' title='bbox 918 2588 964 2627; x_wconf 75' lang='lat' dir='ltr'><strong>Hos</strong></span> <span class='ocrx_word' id='word_1_237' title='bbox 974 2588 1021 2625; x_wconf 76' lang='lat' dir='ltr'><strong>ntis</strong></span> <span class='ocrx_word' id='word_1_238' title='bbox 1030 2586 1063 2625; x_wconf 77' lang='lat' dir='ltr'><strong>isio</strong></span> <span class='ocrx_word' id='word_1_239' title='bbox 1072 2600 1078 2627; x_wconf 67' lang='grc' dir='ltr'><strong>ε</strong></span> <span class='ocrx_word' id='word_1_240' title='bbox 1087 2588 1328 2627; x_wconf 72' lang='lat' dir='ltr'><strong>stisssunntdstocs.</strong></span> 
     </span>
     <span class='ocr_line' id='line_1_45' title="bbox 898 2660 1402 2730; baseline 0 -17"><span class='ocrx_word' id='word_1_241' title='bbox 898 2661 1045 2730; x_wconf 87' lang='lat' dir='ltr'><strong>Quomodo</strong></span> <span class='ocrx_word' id='word_1_242' title='bbox 1057 2672 1086 2715; x_wconf 88' lang='lat' dir='ltr'><strong>et</strong></span> <span class='ocrx_word' id='word_1_243' title='bbox 1095 2660 1132 2714; x_wconf 92' lang='lat' dir='ltr'><strong>ihi</strong></span> <span class='ocrx_word' id='word_1_244' title='bbox 1144 2671 1183 2714; x_wconf 87' lang='lat' dir='ltr'><strong>est</strong></span> <span class='ocrx_word' id='word_1_245' title='bbox 1192 2660 1402 2720; x_wconf 71' lang='lat' dir='ltr'><strong>emendandum</strong></span> 
     </span>
     <span class='ocr_line' id='line_1_46' title="bbox 895 2738 1404 2813; baseline -0.01 -19"><span class='ocrx_word' id='word_1_246' title='bbox 895 2751 923 2794; x_wconf 87' lang='lat' dir='ltr'><strong>et</strong></span> <span class='ocrx_word' id='word_1_247' title='bbox 931 2740 1010 2794; x_wconf 88' lang='lat' dir='ltr'><strong>Trist.</strong></span> <span class='ocrx_word' id='word_1_248' title='bbox 1017 2739 1062 2793; x_wconf 85' lang='lat' dir='ltr'><strong>lib.</strong></span> <span class='ocrx_word' id='word_1_249' title='bbox 1068 2756 1106 2803; x_wconf 78' lang='grc' dir='ltr'><strong>ιν,</strong></span> <span class='ocrx_word' id='word_1_250' title='bbox 1118 2738 1191 2810; x_wconf 74' lang='lat' dir='ltr'><strong>Eieg.</strong></span> <span class='ocrx_word' id='word_1_251' title='bbox 1198 2756 1238 2807; x_wconf 83' lang='lat' dir='ltr'><strong>rx,</strong></span> <span class='ocrx_word' id='word_1_252' title='bbox 1246 2740 1404 2813; x_wconf 58' lang='lat' dir='ltr'><strong>guatinense</strong></span> 
     </span>
     <span class='ocr_line' id='line_1_47' title="bbox 894 2820 1405 2874; baseline -0.01 -2"><span class='ocrx_word' id='word_1_253' title='bbox 894 2822 1062 2874; x_wconf 70' lang='lat' dir='ltr'><strong>hocsatuest</strong></span> <span class='ocrx_word' id='word_1_254' title='bbox 1068 2821 1123 2871; x_wconf 83' lang='lat' dir='ltr'><strong>:ad</strong></span> <span class='ocrx_word' id='word_1_255' title='bbox 1128 2838 1175 2871; x_wconf 84' lang='lat' dir='ltr'><strong>vos</strong></span> <span class='ocrx_word' id='word_1_256' title='bbox 1184 2820 1302 2872; x_wconf 70' lang='lat' dir='ltr'><strong>studiosa</strong></span> <span class='ocrx_word' id='word_1_257' title='bbox 1307 2822 1405 2871; x_wconf 73' lang='lat' dir='ltr'><strong>medor</strong></span> 
     </span>
     <span class='ocr_line' id='line_1_48' title="bbox 895 2896 1364 2952; baseline -0.006 -1"><span class='ocrx_word' id='word_1_258' title='bbox 895 2901 1011 2951; x_wconf 74' lang='lat' dir='ltr'><strong>Pectora.</strong></span> <span class='ocrx_word' id='word_1_259' title='bbox 1023 2897 1064 2951; x_wconf 87' lang='lat' dir='ltr'><strong>Ut</strong></span> <span class='ocrx_word' id='word_1_260' title='bbox 1072 2907 1145 2951; x_wconf 88' lang='lat' dir='ltr'><strong>recte</strong></span> <span class='ocrx_word' id='word_1_261' title='bbox 1156 2908 1232 2952; x_wconf 80' lang='lat' dir='ltr'><strong>vetus</strong></span> <span class='ocrx_word' id='word_1_262' title='bbox 1245 2898 1318 2951; x_wconf 87' lang='lat' dir='ltr'><strong>iiber.</strong></span> <span class='ocrx_word' id='word_1_263' title='bbox 1330 2896 1364 2949; x_wconf 82' lang='lat'><strong>11.</strong></span> 
     </span>
    </p>
   </div>
   <div class='ocr_carea' id='block_1_6' title="bbox 0 0 1513 5000">
    <p class='ocr_par' dir='ltr' id='par_1_17' title="bbox 0 0 1513 5000">
     <span class='ocr_line' id='line_1_49' title="bbox 0 0 1513 5000; baseline 0 0"><span class='ocrx_word' id='word_1_264' title='bbox 0 0 1513 5000; x_wconf 95' lang='lat' dir='ltr'><strong> </strong></span> 
     </span>
    </p>
   </div>
  </div>
 </body>
</html>
