3009 5000
393 797 494 908 AD
536 801 993 912 LECTOREM.

156 1845 231 1949 ΕΝ
249 1891 362 1949 totum
377 1873 503 1964 hebes,
521 1876 663 1965 Lector,
681 1873 895 1951 Amatorium
910 1877 1112 1952 NASONEM:
1128 1903 1232 1980 supe·

133 2039 224 2100 'rest
248 2041 289 2100 ut
312 2023 466 2100 eumdem
489 2025 553 2100 tibi
575 2053 666 2100 nunc
692 2024 911 2102 exhibeamus
936 2055 1023 2130 opus
1047 2045 1236 2104 moventem

156 2173 284 2273 majus,
303 2189 337 2248 et
354 2173 398 2248 ad
413 2173 625 2248 Homericam
641 2202 761 2294 prope
768 2173 988 2298 dignitatem,
1012 2193 1047 2252 et
1062 2175 1238 2250 Maronia-

155 2349 234 2396 nam
250 2319 449 2418 elegantiam
465 2351 537 2397 non
554 2322 602 2397 ita
616 2347 708 2398 raro
706 2287 983 2448 acc'e'deptems
973 2351 1010 2396 m
1034 2323 1156 2398 eximio
1171 2323 1232 2400 illo

156 2473 318 2564 carmine,
338 2471 430 2577 quod
446 2471 487 2549 dc
504 2481 625 2553 rerum
633 2473 670 2549 T
667 2473 968 2578 raosfimnotrwnbus
981 2473 1192 2577 conscripsit

204 2628 290 2701 Mox
306 2626 484 2730 procedet,
505 2628 540 2702 T
536 2616 877 2759 empotoaeperlatmn
893 2657 1008 2704 aonwn
1020 2627 1233 2725 digestum,

155 2776 457 2877 recognitumsque
478 2774 597 2863 Sacra,

479 3083 604 3099 .......
608 3078 624 3097 ·.
638 3084 644 3098 .
657 3085 663 3097 .
676 3082 683 3096 .
706 3044 856 3099 Annalibus
867 3053 943 3097 outa
954 3042 1052 3113 priscis.

203 3309 294 3387 Exul
310 3310 475 3413 denique,
491 3310 603 3385 mittet
618 3310 682 3385 tibi
699 3309 850 3411 Elegrirs,
869 3338 925 3384 suo
939 3326 1020 3383 tunc
1032 3308 1153 3383 nomiae
1165 3306 1233 3383 heu

157 3458 261 3535 dictas
278 3460 407 3535 verius!
432 3460 556 3563 Sicque
574 3488 613 3535 ex
630 3487 701 3534 uno
720 3457 905 3560 eodemque
929 3457 1113 3560 scriptore,
1137 3458 1234 3560 quasi

157 3608 361 3710 tripartitum
387 3626 520 3709 poetam
548 3606 677 3709 poteris
700 3605 917 3702 recolligere,
936 3607 1015 3708 qui,
1035 3606 1116 3680 dum
1137 3622 1233 3680 etate

154 3755 253 3831 simul
272 3773 307 3833 et
323 3756 461 3852 ingenio
479 3754 650 3844 lascivior,
668 3754 786 3842 Aro‘s,
808 3782 908 3856 quam
923 3755 996 3855 ipse
1014 3770 1233 3842 tractaverat,

153 3924 319 4009 precepta
336 3906 498 3982 tradidit:
513 3906 654 3981 tentavit
668 3903 788 3979 deinde
801 3903 999 4001 grandiora,
1015 3902 1122 3979 donec
1136 3903 1236 3978 exilio

154 4072 187 4129 et
198 4055 344 4132 miseriis
356 4057 501 4148 fractus,
520 4084 674 4159 cycneam
687 4058 832 4131 animam
844 4055 881 4130 io
891 4055 1034 4155 gemitus
1050 4072 1235 4157 perpetuos

154 4221 188 4278 et
204 4205 369 4306 ejulatus,
388 4224 464 4283 ante
479 4224 611 4311 tempus
627 4206 813 4284 exhalavit!
