3009 5000
425 500 673 569 REMEDIA
704 500 929 571 AMORIS.
1147 500 1211 599 441

190 640 295 741 Quod
311 640 341 715 si
358 668 429 715 non
445 640 586 730 faceret,
602 643 746 745 turpiter
762 660 850 718 esset
867 643 967 717 iners.
1166 669 1217 753 7⁸.⁰

142 761 242 835 Certe
257 786 319 854 ego
334 757 500 848 fecissem,
516 787 578 833 nec
591 786 667 833 snm
682 760 866 861 sapientior
883 758 963 833 illo:

140 916 145 927 ·
191 873 328 949 invidiae
342 874 472 948 fructus
488 875 650 950 maximus
666 873 723 949 ille
738 873 813 948 fuit.

141 992 229 1065 Nam
243 989 310 1065 sibi
328 988 421 1091 quod
435 1018 609 1091 nunqnam
625 1008 745 1065 tautam
764 990 919 1065 Briseida
933 991 1023 1091 jurat

193 1108 260 1181 Per
277 1123 467 1208 sceptrum,
482 1126 651 1208 sceptrum
663 1136 736 1180 non
751 1124 851 1208 putat
867 1135 939 1183 esse
952 1108 1055 1182 Deos.

142 1225 190 1301 Di
206 1225 344 1314 faciant,
360 1224 502 1299 dominae
514 1226 626 1325 possis
642 1224 784 1299 transire
800 1223 923 1299 relicta
1166 1246 1217 1319 785

190 1341 339 1427 Limina;
352 1341 529 1443 proposito
545 1340 779 1442 sufficiantque
795 1340 909 1443 pedes.

139 1458 187 1532 Et
202 1458 330 1559 poteris
344 1487 353 1530 ε
369 1458 472 1531 modo
491 1455 575 1532 velle
593 1475 669 1533 tene
684 1486 798 1533 :nunc
814 1458 947 1532 fortiter
961 1456 1008 1531 ire
1021 1514 1030 1547 ‚

189 1574 289 1647 Nune
303 1602 390 1674 opus
406 1592 459 1649 est
475 1572 574 1649 celeri
592 1572 735 1649 subdere
751 1572 858 1649 calcar
875 1602 973 1677 equo.

141 1686 207 1762 Illo
222 1690 459 1791 Lotophagos,
476 1689 536 1764 illo
555 1690 688 1766 Sirenas
705 1692 741 1764 in
760 1708 858 1765 antro

190 1807 274 1880 Esse
292 1823 397 1907 puta:
413 1807 513 1883 remis
531 1806 636 1906 adjice
653 1806 726 1882 vela
741 1808 820 1882 tuis.
1167 1845 1217 1899 79⁰

141 1922 244 1997 Hune
262 1950 415 2023 qnoque,
432 1952 500 2023 quo
519 1924 689 2024 quondam
706 1924 849 1997 nimium
864 1922 965 1997 rivale
984 1922 1139 2010 dolebas,

190 2037 320 2113 Vellem
338 2039 505 2113 desineres
521 2038 633 2112 hostia
649 2038 773 2114 habere
791 2038 876 2113 loco.

141 2155 314 2241 Attente,
334 2156 485 2257 quamvis
503 2155 583 2229 odio
596 2173 804 2245 remanente,
821 2154 950 2230 saluta:

193 2270 320 2347 Osenla
337 2301 442 2373 quum
461 2273 589 2374 poteris
603 2272 671 2372 jam
689 2271 787 2361 dare,
807 2299 909 2345 sanus
927 2269 1003 2344 eris.

141 2390 229 2478 Eece
245 2389 340 2463 eibos
358 2389 476 2477 etiam,
489 2388 661 2464 medicinae
676 2387 797 2485 fungar
813 2405 853 2461 ut
868 2388 960 2462 omni
1168 2408 1217 2478 795

193 2508 355 2595 Munere,
375 2535 460 2608 quos
476 2505 604 2602 fugias,
623 2533 749 2608 quosve
767 2533 924 2608 sequare,
941 2503 1039 2580 dabo.

141 2621 314 2710 Daunius,
331 2652 374 2697 an
388 2622 524 2724 libycis
539 2622 666 2697 hulhus
684 2622 747 2696 tibi
763 2623 886 2696 missus
902 2622 945 2697 ab
963 2621 1049 2709 oris,

192 2739 248 2813 An
263 2739 375 2814 veniat
390 2739 554 2836 Megaris,
568 2739 692 2814 noxius
708 2739 819 2813 omnis
838 2739 911 2814 erit.

141 2854 214 2928 Nee
229 2855 343 2930 miuus
359 2883 474 2930 erucas
491 2873 607 2956 aptum
623 2856 726 2929 vitare
742 2854 886 2942 salaces3

192 2973 239 3044 Et
255 2969 420 3072 quidquid
436 2971 559 3046 Veneri
576 2999 720 3072 corpora
734 2988 850 3045 nostra
865 2987 971 3072 parat.

143 3085 270 3161 Utilius
287 3113 399 3160 sumas
415 3104 571 3163 acuentes
586 3087 714 3162 lumina
729 3103 844 3176 rotas,

192 3203 239 3276 Et
255 3201 421 3304 quidquid
437 3204 561 3278 Veneri
575 3233 715 3305 corpora
731 3221 847 3278 nostra
863 3220 972 3298 negat.

145 3322 241 3420 Quid
257 3322 320 3396 tibi
337 3323 526 3425 precipiam
544 3323 585 3398 de
601 3323 727 3398 Bacchi
743 3352 897 3413 munere,
915 3321 1057 3424 quaeris?

193 3445 262 3546 Spe
276 3444 410 3520 brevius
426 3446 565 3520 monitis
583 3446 755 3547 expediere
771 3451 863 3522 meis.

178 3665 235 3723 790.
253 3652 318 3703 Vela
326 3655 386 3704 [κίε.
396 3651 450 3704 Hic
457 3650 546 3705 denuo
555 3650 657 3705 suisle-
705 3679 739 3697 ·-
757 3655 855 3706 masur
874 3654 908 3705 ab
927 3655 985 3705 orr's.
1006 3652 1050 3706 Ab
1068 3653 1148 3704 dorici
1165 3650 1217 3704 Pu·

145 3727 271 3800 gendum.
284 3728 361 3780 H.-
371 3729 444 3783 Nihil
455 3729 623 3784 mutandum.
704 3741 815 3786 teaneus
822 3749 872 3802 pro
878 3731 980 3785 diversa
986 3731 1106 3786 lectione.
1113 3728 1175 3782 Vid.
1181 3744 1215 3792 11,

179 3809 235 3880 794.
255 3809 359 3860 Oscula.
371 3808 430 3862 Viri
442 3810 523 3863 etiam
533 3810 604 3864 viros
612 3829 657 3865 oa-
706 3809 765 3863 Art.
778 3812 834 3876 422.

144 3883 210 3938 enlia
221 3883 377 3938 salutabant.
388 3883 499 3940 Douzt.
740 3907 797 3960 799.
813 3887 911 3955 Aptara
921 3893 966 3940 est.
978 3887 1060 3939 Iubeo
1071 3889 1154 3938 ur'lm
1163 3883 1217 3938 duo

178 3965 235 4036 79⁵·
247 3965 316 4016 Ecce
324 3967 395 4017 cibos
404 3975 453 4017 etc.
462 3964 543 4018 Cibo·
550 3983 656 4034 quoque
705 3963 783 4018 libri:
796 3971 883 4031 uptun
893 3969 1000 4026 err'lare,
1016 3982 1092 4017 unus.

143 4040 283 4095 libidinem
296 4044 449 4111 incitantes,
462 4043 584 4099 vitandos
597 4045 641 4097 ait.
740 4043 798 4095 Boo.
806 4046 917 4110 Corpora
927 4051 1022 4096 rostra.
1037 4045 1126 4095 Vestra
1138 4042 1217 4096 hicet

180 4141 236 4195 797.
254 4125 374 4177 Daunius
393 4127 488 4177 bulbus.
508 4123 609 4177 Bulbus
626 4143 658 4176 er
706 4122 827 4191 sequenti
835 4129 1011 4190 pentametro,
1019 4119 1072 4174 duo
1080 4119 1147 4175 libri.
1154 4119 1217 4176 Vid.

145 4199 260 4268 Apulia,
272 4219 352 4270 quem
365 4211 423 4270 post
434 4201 572 4255 Africanos
584 4240 592 4266 ‚
610 4219 658 4255 seu
707 4198 789 4253 modo
802 4199 856 4271 768.

145 4276 258 4348 Libycos
276 4277 365 4330 laudat
385 4278 505 4342 Plinius,
524 4278 569 4332 tib.
581 4279 656 4332 xlx.
740 4279 1220 4347 804.Mor1'lusesperr'ermos.llo-
