3009 5000
292 421 359 488 232
578 419 618 485 r.
646 417 826 490 ovrnrr
851 365 1084 488 ursonrs

308 546 310 551 ’
342 552 494 652 Quaeque
508 550 595 648 tegis
610 551 756 640 medios,
775 539 891 640 instita
908 550 1030 648 longa,
1052 551 1163 654 pedes.

293 668 367 744 Nos
382 669 545 743 Venerem
563 686 685 757 tutam,
704 696 928 771 concessaque
942 668 1047 758 fiurta,
1066 695 1221 744 canemus
1237 695 1246 755 ;

343 787 450 887 Inque
466 815 541 860 mco
556 785 690 860 nullum
705 787 850 862 carmine
867 787 992 861 crimen
1009 785 1083 860 erit.

297 927 508 1017 PRINCIPIO,
526 927 619 1032 quod
635 958 743 1004 amare
761 927 860 1018 velis,
879 929 1024 1032 reperire
1041 926 1180 1014 labora,
1328 945 1378 1026 ι35

346 1045 417 1142 Qui
435 1075 522 1121 nova
538 1075 628 1121 nunc
645 1048 792 1148 primum
808 1045 904 1120 miles
920 1047 956 1119 in
969 1074 1060 1120 arma
1074 1044 1177 1118 venis.

296 1160 476 1236 Proximus
490 1163 570 1238 huic
588 1161 689 1238 labor
704 1181 774 1253 est,
789 1161 948 1266 placitam
965 1191 1101 1237 exorare
1116 1157 1273 1264 puellam.

347 1278 499 1369 Tertius,
517 1298 556 1355 ut
572 1279 677 1376 longo
696 1299 847 1384 tempore
865 1280 963 1356 duret
979 1310 1082 1356 amor.

298 1395 363 1468 Hic
377 1397 517 1488 modus3
538 1399 609 1473 haec
626 1417 745 1475 nostro
766 1399 958 1496 signabitur
972 1427 1047 1474 area
1064 1424 1185 1472 curru:

347 1517 427 1590 Haec
444 1518 509 1591 erit
525 1518 668 1594 admissa
685 1537 774 1593 meta
792 1517 929 1592 terenda
944 1533 1028 1591 rota.

231 1733 234 1735 Α
300 1635 392 1708 Dum
408 1633 502 1725 licet,
522 1653 556 1710 et
571 1635 655 1711 loris
671 1637 798 1738 passim
811 1652 911 1736 potes
929 1633 977 1707 ire
996 1631 1140 1721 solutis,

349 1748 465 1845 Elige,
484 1753 539 1826 cui
553 1751 644 1826 dicas
662 1782 671 1827 ε
690 1771 727 1826 tu
744 1751 828 1825 mibi
849 1749 922 1825 sola
936 1748 1059 1851 places.

302 1866 382 1939 Haec
401 1865 465 1939 tibi
482 1895 552 1941 nou
570 1886 686 1943 tenues
702 1867 814 1942 reniet
830 1864 965 1968 delapsa
982 1893 1043 1966 per
1059 1888 1177 1937 auras:

351 1983 539 2081 Querentla
557 2002 609 2059 est
625 1983 731 2059 oculis
749 2001 828 2086 apta
843 1981 957 2086 puella
974 1981 1052 2058 tuis.

302 2097 375 2172 Scit
390 2099 475 2175 bene
493 2121 646 2191 venator,
664 2102 770 2178 cervis
785 2100 847 2177 ubi
863 2101 946 2176 retia
964 2097 1102 2174 tendat:

352 2217 426 2291 Scit
441 2217 543 2308 bene,
564 2250 631 2322 qua
646 2219 807 2294 frendens
821 2216 906 2293 valle
925 2236 1075 2292 moretur
1091 2241 1179 2316 aper.

302 2333 504 2434 Aucupibus
522 2335 597 2410 noti
615 2335 751 2410 frutices
767 2365 775 2409 :
790 2335 848 2436 qui
867 2334 1011 2410 sustinet
1026 2333 1162 2443 hamps,

353 2449 459 2523 Novit
475 2478 548 2551 que
565 2448 673 2526 multo
691 2451 784 2554 pisce
797 2455 955 2527 natentu'r
971 2478 1074 2553 aquae.

304 2652 370 2706 ergo
375 2646 405 2690 ut
410 2638 699 2709 matronaspuellasque
705 2637 821 2709 virgines
870 2642 959 2696 lorum
967 2640 1110 2713 Propertii,
1120 2638 1164 2692 lib.
1172 2651 1211 2703 11,
1222 2632 1264 2688 El.
1272 2646 1331 2697 xlxi
1340 2628 1392 2684 55²

305 2716 398 2787 procul
407 2717 493 2771 absinl
504 2738 519 2772 2
529 2729 603 2786 vale,
615 2719 660 2788 qui
670 2718 740 2772 canit
749 2736 823 2771 ama·
895 2725 983 2777 sepum
991 2738 1051 2777 qum
1060 2734 1132 2761 meren
1142 2720 1221 2760 triveris
1230 2726 1275 2758 ιιιε
1285 2726 1336 2757 rou.

307 2797 389 2861 tori23
404 2797 505 2868 sibique
515 2818 573 2851 rem
582 2819 637 2853 esse
646 2809 752 2852 tantum
760 2816 823 2851 cum
873 2796 946 2853 Libri
952 2808 1043 2851 tamen
1050 2794 1173 2849 meliores
1181 2792 1233 2846 boc
1239 2791 1312 2856 loco,
1322 2794 1393 2841 asela

306 2877 380 2931 istius
386 2877 459 2931 modi
467 2878 583 2945 feminis,
593 2879 750 2949 quibuscum
758 2877 825 2933 nibil
872 2878 1010 2945 premenda
1022 2890 1030 2922 ··
1044 2892 1095 2927 nec
1105 2872 1180 2926 male.
1190 2870 1270 2925 Unus
1281 2866 1394 2921 Vatica-

307 2972 364 3009 non
377 2955 467 3010 liceret
478 2956 592 3023 audere,
606 2957 648 3011 vel
661 2956 756 3011 dicere.
874 2976 925 3011 nus
938 2974 1000 3010 cum
1013 2952 1209 3018 Ambrosiam,
1223 2951 1339 3002 tenenda.

293 3021 300 3033 ’
338 3033 380 3085 33.
394 3035 449 3086 Nos
463 3036 736 3089 Verumtamen.
753 3034 826 3087 Mu-
909 3036 949 3100 41.
964 3034 1146 3086 bonisensis.
1163 3030 1257 3084 Douza
1268 3026 1391 3097 legebat,

304 3109 383 3163 lieres
394 3110 532 3181 intelligit,
543 3110 576 3165 at
589 3130 653 3183 quas
663 3118 731 3164 tulus
740 3120 824 3181 pate-
873 3114 940 3166 collo
950 3114 1011 3164 lice!
1020 3114 1146 3163 riesoluto
1154 3128 1163 3161 s
1172 3105 1219 3163 sed
1229 3124 1285 3159 non
1297 3104 1392 3175 probo.

306 3190 353 3244 bat
366 3190 468 3258 aditus,
488 3193 534 3261 qui
551 3192 713 3262 periculosus
724 3189 825 3244 admo·
907 3192 948 3259 45.
964 3193 1020 3244 Ubi
1032 3195 1096 3244 rolris
1112 3192 1207 3243 tendat.
1224 3188 1311 3241 Ponat
1330 3184 1392 3239 Ar-

307 3269 390 3337 dum,
409 3290 494 3340 quum
512 3270 545 3324 ad
560 3272 717 3343 insigniores
731 3279 825 3323 muta·
875 3270 1037 3342 gentinensis
1048 3270 1132 3325 liber:
1146 3270 1227 3324 etiam
1241 3286 1298 3321 non
1311 3266 1391 3320 male.

305 3360 388 3403 retur.
397 3350 472 3421 Saepe
481 3351 554 3404 enirn
563 3390 571 3418 ,
580 3362 647 3407 teste
656 3352 725 3405 Hor.
738 3351 825 3404 Serm.
875 3348 920 3404 Sic
932 3360 959 3403 et
972 3349 1040 3403 infra
1054 3350 1117 3417 263,
1134 3347 1193 3402 libri
1207 3346 1350 3400 meliores:
1457 3392 1459 3397 .

307 3447 334 3497 ι,
353 3430 530 3498 Sat,11,412
874 3429 1391 3485 Hactenusundslsgssquodsmss,ubiretiupsus.

309 3525 379 3564 ntea
387 3526 508 3578 ,inopom
515 3526 644 3565 minuma:
655 3525 780 3576 {tempus
875 3508 1001 3581 Virgilius
1012 3506 1110 3579 Georg.
1120 3506 1163 3561 lib.
1176 3522 1206 3573 1,
1219 3505 1268 3576 307
1281 3512 1291 3553 t

307 3598 342 3639 Au
352 3607 435 3640 mortem
443 3612 504 3638 min
513 3598 605 3649 :fugiens
615 3598 648 3637 hio
655 3599 729 3637 desidit
736 3612 802 3637 uem
875 3594 932 3633 Tune
941 3592 1023 3643 gruibus
1033 3592 1113 3644 podiens
1119 3590 1194 3629 omri·
1201 3588 1351 3641 ,smmis
1363 3590 1390 3629 H·

307 3673 426 3713 Pratum
440 3673 462 3712 ³¹¹
476 3672 569 3723 ruba,
584 3672 639 3711 Mt
649 3671 683 3711 ¹²³⁶
697 3685 733 3724 Im
745 3684 827 3723 eormr-
908 3669 948 3737 47.
963 3667 1076 3719 Sustinet
1084 3668 1180 3718 hamos.
1193 3666 1393 3737 Contriuellrag-

358 3758 466 3794 imos,
482 3754 521 3785 ⁶¹⁶·
875 3755 999 3798 mentum
1011 3741 1189 3811 Bodleianum
1203 3752 1231 3795 et
1247 3753 1302 3797 tm
1320 3762 1393 3813 qua-

341 3823 383 3892 37.
397 3826 532 3877 Placitum.
551 3823 678 3877 Restituit
693 3842 725 3877 ex
742 3824 827 3879 veteri
876 3838 969 3881 tuorve
991 3822 1032 3877 alii
1053 3822 1163 3877 codices.
1184 3821 1230 3876 Sic
1246 3822 1317 3875 infru
1330 3822 1393 3889 544:

308 3900 398 3954 codice
408 3901 518 3971 Josopb.
528 3901 662 3971 Scaliger,
676 3911 703 3955 et
716 3900 827 3971 quidem
876 3904 984 3955 Pressas
997 3904 1110 3953 contine?
1118 3906 1174 3953 arte
1179 3899 1269 3966 jubas.

308 3986 380 4029 recte
393 3998 400 4040 ;
422 3978 487 4031 olim
497 3979 571 4031 enim
577 3982 720 4045 placillam.
910 3978 950 4045 48.
959 3980 1022 4044 Qua
1027 3980 1113 4029 multo.
1124 3977 1393 4042 QuaBernensunus

342 4055 383 4127 39
397 4058 462 4110 Hoc
481 4066 574 4111 nostro.
590 4062 644 4112 Hic
660 4063 735 4113 notis
752 4059 827 4113 Ber·
877 4068 905 4111 et
915 4056 970 4113 duo
982 4057 1031 4111 alii.
1044 4059 1129 4124 ,Quam
1140 4062 1219 4111 mullo
1230 4057 1351 4111 Barthol.
1363 4065 1392 4110 ut

252 4137 256 4144 ’
310 4135 408 4190 nensis.
421 4139 476 4191 Hic
487 4145 572 4191 nostro
584 4138 627 4191 alii
643 4139 759 4208 quidam.
876 4154 917 4205 11,
930 4140 1050 4194 exPont.
1063 4154 1120 4206 vn,
1135 4138 1185 4191 26:

342 4217 384 4281 40.
397 4217 471 4269 Mela
481 4220 583 4271 terenda
592 4226 655 4272 rota.
665 4219 781 4273 Memini
796 4218 827 4274 il·
901 4222 989 4275 Illoque
998 4234 1057 4275 quin
1065 4222 1135 4261 mli·
1146 4218 1214 4261 ΕΜ*
1222 4220 1293 4273 Η1111·
1300 4218 1378 4273 Μ’·
