3009 5000
296 539 362 582 212
580 508 621 574 P.
649 503 834 573 OVIDII
862 499 1089 570 NASONIS

292 653 428 730 Scilicet
444 669 478 726 et
494 647 624 752 populo
642 674 705 748 per
720 673 773 719 me
790 643 948 719 comitata
965 641 1147 745 placebas:

347 775 456 848 Causa
474 769 542 843 fuit
557 764 674 840 multis
690 779 808 838 noster
825 761 948 837 amoris
964 789 1068 837 amor.

293 889 423 992 Turpia
439 884 523 988 quid
537 883 679 958 referam
696 908 789 956 vana
803 877 976 954 mendacia
993 875 1132 973 lingua,

345 1010 392 1082 Et
404 1004 594 1108 periuratos
609 1001 646 1074 in
662 1027 737 1074 mea
752 997 874 1072 damna
891 995 1009 1070 Deos?

298 1124 394 1226 Quid
408 1123 568 1223 juvenum
585 1117 706 1192 tacitos
723 1115 815 1188 inter
831 1111 984 1188 convivia
1000 1128 1126 1200 nutus,

347 1240 527 1340 Verbaque
547 1233 745 1336 compositis
763 1226 972 1305 dissimulata
987 1226 1104 1301 notis?

296 1359 397 1434 Dicta
413 1372 484 1432 erat
499 1381 585 1448 aegra
600 1349 686 1424 mihi
701 1378 709 1423 ε
725 1374 876 1450 praeceps
890 1371 1071 1445 amensque
1089 1342 1230 1417 cucurri.
1354 1365 1384 1416 25.

347 1475 456 1563 Veni3
471 1490 506 1548 et
521 1467 617 1544 rivali
632 1497 705 1542 non
718 1483 790 1546 erat
806 1492 892 1560 egra
909 1491 994 1537 meo.

301 1593 383 1681 llis,
397 1608 432 1666 et
450 1615 524 1691 quae
541 1604 653 1673 taceo,
670 1582 788 1658 duravi
804 1607 892 1682 sape
909 1576 1067 1654 serendis.

349 1711 472 1808 Quaere
490 1701 592 1778 alium
609 1729 673 1803 pro
690 1727 760 1786 me,
781 1695 841 1798 qui
859 1712 960 1797 queat
974 1692 1038 1768 ista
1054 1689 1134 1792 pati.

299 1831 378 1903 Jam
394 1823 483 1911 mea,
496 1820 609 1894 votiva
622 1817 751 1920 puppis
768 1812 923 1889 redimita
939 1835 1086 1896 corona,
1136 1819 1140 1825 “

350 1945 458 2018 Lenta
474 1952 697 2014 tumescentes
713 1931 858 2035 equoris
876 1926 971 2004 audit
987 1952 1100 2027 aquas.

303 2058 429 2135 Desine
446 2054 646 2143 blanditias,
666 2069 701 2127 et
716 2050 820 2126 verba
836 2045 991 2150 potentia
1009 2041 1197 2144 quondam,

351 2174 494 2252 Perdere
509 2203 517 2248 :
531 2201 604 2246 non
620 2199 684 2267 ego
701 2195 777 2244 sum
794 2163 937 2254 stultus,
951 2180 992 2237 ut
1005 2179 1081 2238 ante
1097 2157 1157 2232 fui.

303 2305 509 2386 Luctantur,
524 2313 711 2398 pectusque
724 2292 796 2368 leve
812 2291 850 2365 in
867 2285 1035 2365 contraria
1051 2281 1213 2370 tendunt,

354 2425 426 2499 Hac
443 2449 554 2509 amor,
570 2419 634 2494 hac
651 2416 768 2490 odium
783 2446 790 2489 :
806 2413 883 2506 sed,
897 2430 1003 2517 puto,
1017 2407 1121 2483 vineit
1134 2431 1237 2479 amor.

306 2650 415 2709 uenter,
438 2642 551 2697 enom,
566 2656 628 2696 oram
642 2636 747 2691 duobus
762 2635 826 2691 aliis.
875 2632 921 2703 qui
929 2630 1039 2701 longum
1049 2646 1097 2698 per
1107 2643 1180 2680 mare
1189 2625 1241 2679 iter
1248 2636 1328 2679 erant
1336 2643 1393 2679 eus-

343 2741 382 2795 ις.
392 2722 498 2774 Scilicet
505 2724 531 2771 et
537 2720 632 2785 populo
638 2736 687 2783 per
695 2733 736 2768 eae
746 2718 828 2769 coeti-
875 2710 993 2782 cepturi,
1004 2719 1033 2761 ut
1043 2724 1168 2777 prospere
1179 2724 1234 2777 quo
1245 2704 1393 2759 tendebant

311 2808 369 2856 tata
372 2800 504 2866 placebas.
513 2796 735 2861 cantuum-e
741 2800 827 2862 potest
875 2789 1063 2861 pervenirent;
1077 2797 1104 2839 et
1115 2796 1176 2839 uota
1186 2803 1297 2856 quoque
1308 2804 1393 2839 vove-

312 2876 423 2950 quidem
433 2873 540 2929 tolerari
550 2910 559 2940 ,
570 2882 602 2925 ut
613 2871 696 2942 Epist
708 2885 762 2936 ιη,
776 2888 826 2943 29²
875 2872 956 2937 bant,
969 2869 997 2921 in
1014 2866 1126 2938 patriam
1141 2864 1205 2919 inde
1224 2863 1350 2919 redituri.
1362 2890 1394 2907 ι-

308 2961 360 3013 Per
368 2973 434 3025 quas
443 2957 566 3007 coartata
576 2954 699 3016 redirem·
712 2946 760 3003 sed
772 2946 827 3016 jam
877 2952 966 3005 Lenta.
982 2948 1092 3003 Rectius
1107 2964 1188 3014 sane,
1212 2946 1306 3016 quam'
1314 2950 1374 2999 lete
1386 2986 1392 3005 ‚

312 3030 473 3106 precedenti
486 3026 599 3083 disticho
612 3024 646 3081 de
662 3026 714 3079 hoe
729 3032 827 3094 egerat·
877 3028 950 3102 quod
960 3028 1107 3100 periculum
1118 3026 1248 3081 evaserit:
1263 3030 1337 3079 tenta
1348 3042 1395 3078 au-

313 3114 436 3173 Franeot'.
442 3122 471 3167 et
481 3110 611 3177 Palam,
621 3114 742 3167 cantata,
755 3102 828 3174 quod
877 3118 948 3174 tem,
962 3116 992 3159 ut
1005 3106 1132 3171 immota,
1146 3102 1243 3157 scilicet
1254 3111 1284 3156 et
1299 3101 1394 3155 incon-

311 3194 395 3265 magie
403 3191 496 3263 placet
502 3188 538 3245 Et
545 3189 673 3257 frequens
680 3182 750 3256 apud
758 3184 829 3237 Noe·
877 3203 951 3238 cuma
962 3188 1037 3237 audit
1048 3180 1133 3235 undas
1143 3190 1296 3249 turgesoere
1307 3218 1316 3246 ,
1336 3176 1394 3248 quia

311 3288 394 3333 orm
407 3273 507 3327 Bunu.
523 3296 558 3309 ·-
569 3270 668 3334 Populo
674 3285 723 3332 per
732 3283 772 3317 me
772 3302 828 3317 .......
877 3264 1008 3335 nihilium
1019 3262 1082 3317 inde
1092 3260 1201 3332 periculi
1209 3259 1257 3330 ipsi
1267 3270 1394 3315 metuen-

308 3356 440 3423 placatas.
453 3347 563 3418 Quippe
577 3346 624 3415 qui
636 3342 708 3397 laudi
718 3342 765 3397 tibi
777 3340 830 3395 du·
878 3344 951 3399 dum.
966 3345 1025 3398 Hae
1037 3360 1144 3413 quoque
1165 3340 1324 3411 metaphora
1336 3358 1396 3395 risus

313 3441 404 3498 ceret,
426 3428 459 3482 ab
471 3424 573 3482 ovidio
588 3423 689 3490 amari,
711 3431 739 3475 et
751 3420 784 3473 ab
796 3438 829 3475 eo
878 3427 974 3481 Horat.
986 3442 1011 3492 1,
1024 3423 1078 3479 od.
1089 3428 1122 3491 5,
1137 3422 1171 3479 ad
1185 3422 1335 3496 Pyrrham,
1349 3442 1395 3477 cu-

315 3524 483 3582 quocumque
494 3506 546 3559 ires
556 3544 564 3573 ,
575 3501 677 3560 assidue
687 3504 813 3555 comitari.
878 3505 920 3574 jus
930 3522 961 3557 er
970 3502 1115 3570 illecebris,
1127 3510 1255 3571 tanquam
1263 3522 1279 3555 e
1287 3500 1395 3555 nautea-

229 3640 233 3647 .
347 3584 830 3659 27·Ilt'5·tft⁸⁸!05002d27691'50tt²
879 3584 938 3655 gio,
951 3592 1104 3637 enataverat
1117 3601 1124 3635 :

307 3666 432 3737 serendis.
441 3661 507 3731 Pro,
516 3657 778 3714 obdurui:estenirn
788 3656 831 3710 laic
1103 3670 1216 3719 mmm,
1223 3690 1279 3717 ne·

312 3746 602 3804 absolutumdutameo
610 3738 727 3810 positum
737 3734 829 3804 modo,
953 3752 1252 3805 eorumne-nmmos·

316 3846 370 3897 quo
381 3825 454 3897 apud
463 3824 537 3895 Virg.
550 3820 659 3877 AEneid.
671 3838 700 3889 t,
713 3838 780 3889 ²⁰7²
976 3826 1106 3878 stupeamus
1114 3826 1190 3877 minu

315 3916 517 3965 nummum
523 3908 776 3952 nbuenmteeeeundit.
785 3906 817 3947 Μ.
977 3898 1170 3939 vestimenti·
1179 3900 1229 3939 Deo.

349 3988 444 4062 oq-3o
453 3990 734 4041 lanmeaoottmetc.
745 3980 832 4037 Occu·
904 3978 1399 4047 33-34.luctantur‚pectesqneleoeetc.

315 4078 360 4139 pat
371 4076 480 4137 portum
489 4064 598 4119 tandem
611 4082 671 4119 mea
682 4061 770 4129 navis,
784 4078 831 4114 co-
880 4058 941 4111 Hac
950 4074 1033 4118 amor,
1046 4058 1097 4111 tac
1108 4059 1201 4109 odium.
1211 4055 1275 4110 Non
1285 4054 1325 4109 eie
1334 4054 1399 4107 Pro·

314 4166 383 4202 rona
392 4145 530 4211 redimita,
542 4162 625 4214 quam
634 4143 662 4196 in
672 4158 747 4212 spem
756 4158 832 4211 pros-
880 4136 993 4207 pentius,
1005 4154 1061 4189 non
1074 4133 1207 4203 Catullus,
1219 4154 1328 4205 quuma
1338 4134 1399 4187 Les·

313 4223 502 4295 peri’itineris,
520 4223 563 4276 vel
574 4220 675 4275 reditus
686 4258 695 4286 ‚
707 4238 832 4273 voveram.
880 4217 923 4271 bia
935 4237 981 4272 sua
993 4217 1035 4271 vel
1047 4216 1166 4288 Cynthia
1183 4216 1290 4285 decepti
1299 4232 1399 4285 gerne-

316 4303 455 4372 Coronam
465 4302 561 4372 quippe
570 4304 632 4357 nari
639 4300 830 4370 imponebant,
881 4308 959 4365 rent,
974 4298 1245 4368 autiudignarentur3
1257 4294 1400 4351 noneale·
