3009 5000
336 417 577 520 auorum
610 453 664 520 11.
698 453 844 524 utro.
875 457 905 524 1.
1120 487 1162 554 7,
1259 534 1264 546 ,

141 593 240 693 Quod
254 593 342 669 bene
362 605 426 697 'pro
447 593 527 670 caelo
545 596 693 670 mitteret
710 594 767 671 ille
784 625 864 688 suo;
962 574 972 596 ⁹

101 709 216 789 Clausit
232 712 337 790 amica
353 711 466 786 fores:
484 740 548 808 ego
568 737 644 788 cum
662 715 684 786 J
686 741 746 788 ove
764 713 892 790 firlmeu
908 715 1016 792 omisi.

138 829 270 904 Excidit
286 828 423 924 iugenio
441 828 577 930 Jupiter
593 828 666 930 ipse
684 857 769 904 meo.

99 945 236 1047 Jupiter,
255 946 413 1042 ignoscas
428 942 500 1020 :nil
518 973 571 1019 me
582 937 648 1020 ¹tua
665 944 731 1020 tela
747 945 918 1045 juvabant

139 1059 257 1136 Clausa
275 1080 336 1136 tuo
353 1062 461 1162 majus
476 1062 578 1162 janua
594 1060 722 1136 fulmen
739 1079 820 1136 erat

98 1174 271 1252 Blanditias
284 1177 464 1280 elegosque
479 1178 583 1269 leues,
603 1206 677 1254 mea
695 1178 780 1269 tela,
797 1179 955 1270 resumsi3

138 1292 336 1370 Mollierunt
356 1295 457 1370 duras
475 1295 564 1372 leuia
580 1297 684 1371 uerba
695 1296 797 1372 fores.

99 1407 242 1486 Carmina
261 1411 450 1508 sanguineae
469 1411 641 1488 deducunt
658 1442 786 1489 cornua
800 1415 924 1504 Lunae3

138 1529 181 1600 Et
197 1547 355 1604 revocant
373 1529 491 1604 niveos
509 1528 599 1604 Solis
616 1530 728 1606 euntis
745 1558 864 1632 equos.
995 1612 997 1619 ,

100 1642 242 1720 Caruaine
259 1643 450 1737 dissiliunt,
469 1647 624 1749 abruptis
641 1646 814 1734 saucibus,
831 1667 980 1744 angues,

138 1763 244 1863 Inque
259 1791 341 1838 suos
359 1763 474 1838 sontes
486 1792 580 1838 versa
597 1765 740 1840 recurrit
756 1793 854 1865 aqua.

100 1875 305 1955 Carminibus
323 1907 449 1956 cessere
465 1879 573 1968 fores3
592 1880 784 1982 insertaque
799 1881 914 1982 posti,

141 1989 303 2092 Quamuis
318 1997 426 2072 robur
442 2015 528 2085 erat,
547 1997 691 2072 carmine
706 1997 794 2072 victa
812 2026 885 2072 sera
899 2014 960 2072 est

100 2109 183 2208 Quid
199 2113 285 2188 mibi
302 2112 469 2216 profuerit
485 2110 584 2186 velox
601 2131 753 2188 cantatus
769 2112 942 2188 Achilles?

139 2228 232 2326 Quid
249 2259 314 2332 pro
331 2257 384 2305 me
401 2227 538 2306 Atrides
556 2227 640 2304 alter
658 2248 692 2306 et
707 2229 792 2306 alter
808 2233 931 2326 agant?
1138 2252 1173 2304 30

129 2427 163 2481 rb.
181 2428 262 2496 Quod
276 2432 341 2482 bere
354 2448 403 2499 pm
418 2431 482 2482 calo
496 2433 611 2482 maereret
657 2429 780 2495 videtum
796 2441 856 2485 tum
868 2430 1017 2502 praecipue,
1033 2437 1065 2482 ut
1080 2429 1172 2482 ambi-

100 2506 138 2557 ffle
147 2526 199 2561 suo.
213 2509 269 2563 Pro
280 2512 344 2562 celo
355 2527 417 2573 suo,
435 2506 507 2577 quod
520 2508 568 2578 ipsi
577 2509 608 2562 in
658 2511 741 2581 guitas
749 2511 862 2577 vitetur,
872 2511 933 2580 quia
935 2510 1170 2578 fulminantium,

101 2594 249 2652 potestatem
273 2596 405 2641 cesserat:
431 2586 476 2640 Sic
501 2604 608 2655 quoque
656 2589 783 2643 solemnis
794 2599 833 2643 est
843 2587 957 2655 locutio,
969 2588 1130 2658 projecere,
1142 2608 1175 2642 ex

101 2660 159 2719 Met.
170 2684 195 2730 r,
211 2668 260 2738 ²7⁴
271 2681 278 2717 ε
657 2668 721 2722 celo
732 2666 874 2722 demittere
883 2706 891 2735 ,
899 2677 927 2721 et
934 2666 986 2721 boc
993 2677 1079 2737 poetae
1087 2669 1174 2721 menti

102 2744 136 2785 Μ
143 2749 190 2788 ⁶²¹⁰
198 2758 291 2789 mm
302 2762 336 2788 ’ω
344 2748 431 2788 nuovo
441 2750 505 2789 ire...
657 2757 789 2816 repugnat
801 2765 808 2799 :
819 2752 935 2800 omittere
942 2765 1006 2799 vero
1016 2748 1121 2817 proprie
1134 2758 1175 2801 est

130 2842 164 2890 ¹7·
179 2824 282 2876 Clausi!
288 2822 463 2890 auriculares.
476 2820 608 2877 Terrebat
657 2823 690 2877 de
699 2825 822 2879 manibus
831 2824 982 2879 demittere.
991 2824 1085 2881 Seuer„
1094 2826 1173 2899 Aga-

102 2900 187 2970 quippe
200 2900 316 2971 puellam
328 2910 400 2954 uates
412 2901 458 2971 qui
471 2906 570 2955 mirrbos
580 2908 608 2955 ir
656 2922 760 2957 rnerun.
775 2907 822 2972 241
837 2919 844 2953 ι

101 2982 220 3043 aaran,
236 2990 265 3033 et
277 2979 364 3053 ipsum
376 2980 474 3033 Jovenr
487 2980 610 3049 cumsul-
657 2985 742 3026 emine·
752 2983 1022 3036 omniregtmemibu
1029 2984 1086 3022 ¹³²³·-
1098 2984 1123 3023 E

101 3057 412 3114 nr‘rebabebatlUuosere
418 3079 523 3130 quoque
531 3080 610 3115 versu
693 3080 731 3133 tq
743 3062 837 3113 Nr'lm
847 3062 894 3111 lua
904 3059 1101 3126 telajmtant.
1114 3060 1173 3113 Ver

102 3145 161 3188 eset
174 3136 252 3189 nobis
262 3134 427 3203 sistendum,
445 3138 467 3191 si
479 3136 610 3208 quidquid
658 3140 707 3201 ba,
718 3138 871 3191 Puteaneus
879 3175 888 3201 ,
897 3136 1034 3189 Palatinus
1042 3136 1174 3205 optimus,

101 3208 202 3284 leporis,
215 3214 322 3269 veneria
331 3215 460 3287 quidquid
473 3216 501 3269 in
512 3236 610 3271 venus·
657 3214 769 3285 Neapol.
786 3212 916 3267 Arundel.
931 3224 959 3267 et
973 3214 1091 3283 quinque
1111 3214 1173 3268 alii:

101 3290 192 3346 tissima
209 3303 288 3363 poete
304 3293 436 3361 occurrit,
457 3293 610 3347 notandum
658 3292 753 3363 reliqui
774 3295 850 3345 tella.
875 3292 977 3347 errts.
1001 3295 1058 3347 Tua
1070 3294 1171 3362 sacta,

102 3372 294 3442 rumperemus.
311 3370 406 3439 Quem
422 3390 487 3425 vero
498 3371 609 3439 fallant,
658 3371 740 3427 codex
751 3370 860 3424 Douaae.

101 3447 256 3503 electoribus
262 3448 538 3504 onerist—Fulmen
545 3454 610 3503 omi·
692 3450 733 3503 23.
751 3452 874 3505 Carmina
888 3453 1074 3517 anguium„-
1085 3452 1173 3507 bue.

101 3532 126 3578 η’.
133 3528 238 3581 Fulmen
243 3532 333 3591 amr'sr',
344 3528 611 3581 Puteaneusamanu
661 3527 732 3597 Qua
747 3528 845 3582 scilicet
855 3532 1020 3596 sanguineum
1032 3528 1105 3585 bunc
1121 3550 1173 3585 co-

100 3607 195 3673 pn'ma;
214 3606 262 3661 ted
282 3606 478 3673 emendatum,
495 3607 611 3675 sulmr'rra
659 3606 746 3660 iorem
768 3606 795 3658 vi
811 3606 963 3660 carminum
984 3609 1085 3679 uragica
1102 3628 1174 3663 con-

100 3690 164 3747 ua'si,
174 3684 311 3755 quomodo
319 3684 611 3739 multiexuostris:mr‘!·
640 3728 645 3735 .
659 3693 781 3738 traxerat.

101 3769 148 3818 me
160 3784 210 3835 pro
222 3771 354 3819 omittere:
364 3763 424 3818 libri
436 3783 496 3832 sex,
511 3770 610 3818 etcum.
694 3764 733 3830 24,
744 3764 846 3816 lt'ioeos.
856 3762 983 3817 Francius
990 3763 1121 3833 malebat,
1132 3773 1176 3819 ιη’·

101 3840 176 3897 forn
183 3882 191 3909 ,
198 3862 229 3895 er
237 3845 373 3897 candore.
381 3842 457 3895 H.—
467 3842 524 3912 Ego
531 3842 611 3896 rodi·
661 3842 745 3893 tr'dos:
757 3838 813 3891 duo
824 3839 882 3892 libri
896 3840 999 3893 Heinsii
1005 3881 1014 3909 ,
1025 3848 1113 3899 niveos
1120 3864 1176 3898 car

100 3918 610 3992 eramCiolaui,etAldinae,Micyllianae,
660 3926 730 3973 mrim
741 3920 809 3971 Solis
817 3936 902 3986 equos.

102 3998 351 4051 etBersmaunianae
361 3996 519 4049 Editionum
528 3996 612 4049 fidem
693 3996 733 4048 28.
755 3997 877 4061 Quamvis
886 3998 963 4049 robur
973 4004 1038 4051 erat.
1054 4002 1176 4067 Quamn's

101 4093 193 4145 sequor
204 4114 212 4142 ,
223 4076 327 4144 fulmen
338 4078 417 4128 omisi
426 4090 435 4124 .’
454 4094 538 4145 quum
551 4074 612 4143 quia
660 4079 780 4129 mbram!
796 4076 992 4145 Neapolitanus.
1023 4080 1094 4134 Puto
1110 4084 1175 4135 seri-

101 4152 254 4221 praueedenti
265 4154 453 4222 versusulraer
464 4164 521 4219 eat,
539 4150 612 4223 quod
660 4152 798 4221 bendum,
819 4158 940 4222 (lurum
953 4160 1071 4222 robono,
1092 4159 1175 4213 nimi.

36 4292 37 4305 ,
100 4226 139 4285 bic
156 4243 301 4288 nonnette
320 4232 481 4300 iusulmrira
500 4232 610 4287 transire
661 4251 723 4285 rum
729 4238 808 4301 posti.
820 4234 1068 4305 lalaactaqueposri
1074 4256 1105 4293 ex
1117 4257 1176 4292 ves-
