3009 5000
403 485 654 555 REMEDIA
683 488 909 559 AMORIS.
1002 506 1004 525 ’

164 617 243 699 Non
261 642 342 698 sunt
353 623 488 724 judiciis
507 627 620 702 omnia
636 626 744 703 danda
763 629 856 704 meis.

117 742 198 837 Quo
217 759 275 817 tua
288 771 360 817 non
374 762 520 845 possunt
536 744 664 820 offendi
682 757 820 847 pectora
836 746 946 836 facto,

167 859 324 953 Forsitan
341 861 424 951 boe,
439 861 507 935 alio
522 863 648 963 judice,
665 865 790 939 crimen
808 864 880 938 erit.

118 974 198 1063 Ille,
218 978 310 1077 quod
327 978 498 1055 obscaenas
512 982 550 1055 in
565 999 682 1083 aperto
698 1009 838 1083 corpore
855 1001 967 1083 partes

167 1093 323 1186 Viderat,
339 1097 375 1170 iu
392 1126 493 1171 cursu
511 1099 571 1201 qui
588 1099 669 1189 lirit,
685 1098 782 1173 baesit
799 1128 914 1173 amor:

117 1209 199 1297 Ille,
219 1211 331 1311 quod,
345 1242 366 1285 a
382 1214 523 1289 Veneris
539 1216 643 1289 rebus
661 1232 819 1312 surgente
836 1215 968 1318 puella,

165 1328 261 1400 Vidit
278 1328 314 1400 in
331 1328 505 1403 immundo
521 1330 617 1426 signa
629 1331 787 1432 pudenda
806 1351 892 1407 toro.

116 1444 272 1530 luditis,
292 1473 331 1529 o,
349 1444 378 1517 si
397 1473 484 1544 qnos
499 1463 684 1547 potuerunt
700 1448 764 1523 ista
782 1478 940 1525 morere:

168 1560 342 1635 Adflarant
359 1561 478 1661 tepidae
494 1581 631 1664 pectora
648 1583 757 1639 vestra
773 1564 870 1639 faces.

115 1675 284 1753 Adtrahat
300 1675 356 1750 ille
374 1706 458 1779 puer
475 1697 653 1755 contentos
671 1681 792 1755 fortius
809 1712 924 1759 arcus:
1146 1710 1196 1779 435
1226 1704 1228 1711 “

168 1794 287 1870 Saucia
303 1794 462 1893 majorem
480 1797 579 1871 turba
596 1800 718 1898 petetis
737 1828 848 1900 opem.

118 1912 241 2011 Quid?
256 1912 314 2013 qui
333 1911 416 1985 elam
434 1913 548 2001 latuit,
562 1915 723 1990 reddente
742 1915 896 1990 obseaena
913 1917 1043 2019 puella,

168 2034 215 2105 Et
231 2029 336 2118 vidit,
355 2059 429 2131 qnae
446 2059 520 2105 mos
535 2032 609 2133 ipse
626 2033 737 2109 videre
752 2035 867 2108 vetat?

119 2148 167 2221 Di
183 2146 322 2237 melius,
338 2177 438 2248 quam
452 2176 517 2222 nos
534 2172 730 2224 moneamus
748 2150 827 2225 talia
845 2155 1067 2253 quemquam!

170 2272 219 2345 Ut
234 2271 383 2373 prosint,
399 2300 472 2346 non
486 2291 566 2346 sunt
584 2273 784 2374 experienda
804 2290 924 2348 tamen.
1148 2297 1199 2365 440

118 2395 250 2469 Hortor
267 2413 316 2484 et,
331 2412 370 2469 ut
387 2394 512 2496 pariter
525 2396 624 2470 binas
642 2395 795 2470 babeatis
814 2397 950 2471 amicas:

167 2521 304 2593 Fortior
320 2537 388 2608 est,
402 2519 518 2621 plures
535 2520 564 2592 si
584 2520 661 2622 quis
677 2521 802 2595 babere
819 2539 943 2623 potest.

118 2644 215 2718 Secta
232 2644 395 2746 bipartito
415 2673 520 2746 quum
537 2673 632 2720 mens
650 2641 807 2744 discurrit
824 2662 986 2748 utroque,

164 2765 315 2842 Alterius
331 2767 417 2840 vires
435 2767 605 2841 subtrahit
622 2766 825 2842 alteramur.

119 2890 267 2966 Grandia
282 2920 343 2993 per
358 2888 485 2964 multos
505 2891 838 2967 tenuanturllumina
854 2892 964 2979 rivos,
1146 2914 1197 2983 445

151 3109 208 3176 431.
222 3107 251 3162 A
264 3110 369 3161 Venerii⁴
381 3111 454 3161 tebras
464 3118 513 3162 etc.
532 3107 564 3161 In
578 3127 635 3162 uno
684 3109 781 3176 edidit,
796 3119 826 3162 ut
837 3111 929 3164 eratin
943 3108 1081 3164 Pataviuo.
1091 3107 1123 3163 lu
1135 3107 1197 3163 Sar-

118 3185 242 3253 Heinsii,
262 3191 289 3239 r'n
307 3189 411 3239 Veneris
425 3205 491 3247 usu:
508 3186 571 3240 inde
591 3187 633 3240 ille
683 3187 1042 3254 raviano,mdmt1·0tscoena
1049 3191 1197 3254 puellum

118 3267 633 3337 olim,lusuconjiciebat,utsupr.37li;
682 3267 866 3320 obsecrarint
884 3277 971 3336 partes
985 3265 1124 3336 pudendae.
1143 3264 1197 3319 Sed

116 3345 163 3400 sed
174 3365 215 3399 res
229 3349 332 3399 Veneris
341 3354 378 3398 ne
384 3365 499 3398 moveas.
517 3346 557 3399 lta
565 3365 634 3416 saepe
683 3348 784 3398 reddere
790 3350 906 3400 obscena
914 3344 977 3398 dixit
987 3361 1092 3414 quoque
1101 3344 1197 3414 Pomp.

118 3423 275 3483 Lueretius.
297 3435 328 3476 ut
340 3433 501 3476 notaverunt
514 3423 633 3476 Elmen-
683 3423 756 3476 Mela
770 3423 827 3477 libr.
842 3440 869 3491 1,
886 3443 941 3494 cap.
954 3445 977 3497 9.
997 3423 1079 3476 luunt.

117 3501 244 3569 horstius,
254 3500 286 3554 ad
298 3501 399 3554 Arnob.
410 3502 454 3554 lib.
467 3517 517 3567 111,
530 3521 555 3572 p.
569 3501 616 3554 113
622 3494 634 3570 ,'
716 3503 1200 3570 dduExpi-da'endatamemlz'rpm'enda

117 3593 148 3636 et
160 3580 273 3635 Herald.
285 3601 343 3652 pag.
357 3582 411 3634 133.
423 3581 522 3635 Bnuu.
682 3581 835 3634 Puteaneus
846 3579 960 3635 etmulti
973 3579 1029 3646 alii,
1042 3579 1196 3648 exscriptis,

150 3660 208 3727 435.
222 3659 355 3712 Adtrahat
367 3663 413 3713 ille
420 3679 492 3729 puer.
505 3659 636 3712 Adtrahe!
681 3679 743 3712 cum
757 3660 842 3730 prima
852 3660 977 3714 editione.
991 3658 1035 3714 Sic
1047 3659 1116 3711 infra
1126 3677 1194 3712 vers.

115 3737 205 3807 scripti
217 3737 349 3791 meliores.
358 3737 459 3792 Huius.
471 3737 529 3812 Ego
538 3738 633 3791 Adtra·
682 3741 747 3807 804,
761 3740 816 3793 vice
830 3759 903 3793 versa
915 3780 921 3808 ,
934 3738 1103 3792 scribendum
1117 3748 1174 3791 est:

115 3819 164 3868 dat
173 3816 270 3869 rectius
282 3825 347 3886 puto
356 3830 362 3864 τ
372 3818 427 3870 Vos
435 3816 523 3870 luditis
531 3826 557 3869 et
567 3815 634 3870 deri:
705 3825 743 3873 Spe
752 3823 811 3861 vitiu·
819 3825 899 3862 munitis
907 3823 1009 3872 uredine
1017 3822 1073 3860 moit-

116 3893 195 3960 detis,
206 3895 252 3963 qui
260 3893 364 3947 modice
375 3895 478 3965 tepetis,
487 3913 543 3961 me,
552 3893 633 3962 quiin
683 3895 738 3950 Ubi
749 3900 875 3964 expetitae
884 3893 1136 3964 legebatur-fimus.
1145 3896 1198 3946 Ex·

116 3973 158 4027 bis
166 3974 222 4026 vim
230 3972 345 4044 aliquam
358 3994 412 4027 esse
421 3975 490 4042 jacto
498 3973 529 4025 ab
542 3991 632 4025 amore
677 3973 1025 4042 pedt'endaliilr'Bodlejanus
1033 3977 1198 4040 :expedenda

116 4051 275 4116 revocandi3
290 4051 336 4106 sed
349 4055 472 4105 adnata!
478 4051 559 4103 modo
575 4049 633 4102 Cu·
682 4059 778 4114 tamen,
793 4050 890 4104 Aldina
902 4053 1041 4121 posterior,
1056 4050 1158 4124 Grypb.
1171 4060 1198 4103 et

116 4128 181 4198 pido
199 4148 292 4197 arcus,
315 4141 343 4184 et
363 4133 467 4201 gravius
487 4130 629 4192 vulneret,
682 4128 1196 4200 recentioresquoedam:excipitndaduo

116 4209 173 4277 jam
184 4208 342 4262 validiorem
356 4209 515 4263 medicinam
530 4207 631 4279 petetis.
682 4209 779 4280 scripti.
1225 4257 1227 4262 ,

151 4287 209 4357 437.
222 4289 360 4341 Reddente.
376 4291 493 4342 Rudente
505 4287 635 4340 Heinsius
701 4289 772 4353 ¹442.
787 4289 986 4356 Haberepolesl.
1006 4291 1108 4342 Habere
1118 4293 1198 4357 paral
