3009 5000
288 460 354 551 390
568 462 607 525 r.
638 408 814 526 ov1n11
841 459 1068 528 ursonis

284 600 338 673 'l'u
357 627 513 699 qnoque,
528 599 582 672 cui
597 599 691 693 rugis
707 616 840 673 uterum
856 600 984 675 Lucina
1000 584 1150 687 uolavit,
1308 628 1355 694 785

335 718 385 797 Ut
401 714 487 789 celer
500 716 621 789 aversis
638 733 731 789 utere
746 715 893 790 Parthus
910 715 1016 817 equis.

287 828 383 904 Mille
397 830 487 904 modi
505 830 644 904 Veneris
660 829 825 932 :simplex
841 830 1038 932 minimique
1055 830 1204 921 laboris,

337 947 453 1045 Quum
468 948 553 1047 jacet
569 947 606 1021 in
624 946 777 1022 dextrum
794 947 999 1048 semisupina
1014 946 1112 1021 latus.

289 1062 354 1137 Sed
373 1092 479 1164 neque
494 1063 634 1139 Phoebei
652 1062 818 1166 tripodes,
832 1092 894 1139 uec
910 1064 1064 1161 corniger
1080 1067 1261 1153 Ammon,

336 1182 424 1253 Vera
439 1180 544 1275 magis
559 1178 673 1268 vobis,
689 1209 790 1281 quam
806 1208 879 1255 mea
895 1183 1013 1269 Musa,
1029 1200 1157 1257 canent.
1311 1220 1357 1273 79⁰

288 1297 325 1369 Si
343 1326 409 1399 qua
425 1297 507 1371 fides
527 1298 605 1385 arti,
625 1326 725 1398 quam
740 1296 846 1392 longo
862 1297 1003 1375 fecimus
1021 1326 1105 1386 usu,

339 1414 471 1488 Credite
487 1444 495 1486 ε
511 1415 721 1515 praestabunt
737 1414 883 1489 carmina
899 1432 1015 1488 nostra
1032 1413 1140 1489 sidem.

289 1530 418 1604 Sentiat
430 1558 469 1603 ex
486 1530 561 1603 imis
580 1532 742 1604 Venerem
760 1527 908 1604 resoluta
926 1528 1081 1604 medullis

338 1647 488 1733 Femina,
503 1662 589 1721 etex
607 1675 703 1749 aequo
721 1676 775 1721 res
789 1648 881 1744 juvet
898 1644 955 1721 illa
974 1645 1074 1719 duos.

290 1764 360 1836 Nec
376 1760 508 1834 blandae
524 1790 642 1849 voces,
655 1761 868 1863 jucundaque
885 1786 1056 1834 murmura
1073 1775 1204 1833 cessent
1218 1788 1227 1847 ς
1315 1780 1361 1849 ppt

339 1881 411 1953 Nec
428 1896 557 1953 taceant
571 1877 690 1953 mediis
706 1877 862 1981 improba
879 1877 980 1952 verba
994 1876 1090 1975 jocis.

291 1997 345 2071 'l’u
362 2023 513 2096 quoque,
529 1995 583 2069 cui
600 1996 741 2070 Veneris
759 2023 894 2069 sensum
909 2010 1030 2069 natura
1044 1992 1195 2089 negavit,

270 2130 274 2135 ’
341 2112 462 2187 Dulcia
477 2111 627 2186 mendaci
646 2112 767 2209 gaudia
783 2096 872 2207 finge
890 2138 987 2183 sono.

292 2227 430 2317 Infelix,
445 2230 626 2329 eui'torpet
640 2228 745 2303 hebes
761 2228 856 2333 locus
874 2226 949 2315 ille,
963 2224 1077 2327 puella
1093 2252 1147 2311 es,

343 2346 424 2442 Quo
442 2346 565 2447 pariter
582 2345 707 2421 debent
724 2345 847 2420 femina
863 2344 980 2444 virque
992 2342 1076 2416 frui!
1318 2360 1364 2411 too

293 2462 458 2549 Tantum,
477 2490 580 2563 quum
595 2461 720 2559 finges,
739 2490 781 2537 ne
798 2462 844 2536 sis
862 2459 1038 2536 manifesta
1054 2474 1192 2534 caveto:

342 2577 445 2651 Effice
463 2607 524 2678 per
539 2596 669 2652 motum
683 2577 877 2679 luminaque
895 2578 969 2678 ipsa
984 2577 1095 2650 fidem.

294 2693 398 2791 Quod
411 2694 519 2793 juvet,
535 2712 570 2768 ct
586 2722 683 2768 voces
701 2711 736 2767 et
751 2693 919 2768 anhelitus
937 2711 1056 2791 arguat
1074 2693 1151 2767 oris.

341 2810 398 2884 Ah
414 2809 541 2911 pudet!
559 2837 696 2883 arcanas
711 2838 789 2910 pars
803 2809 907 2886 habet
924 2812 988 2884 ista
1001 2829 1109 2885 notas.

297 2925 426 3002 Gaudia
442 2942 522 3028 post
533 2926 675 3000 Veneris
693 2954 766 3027 quae
784 2946 900 3028 poscet
918 2957 1040 3004 munus
1056 2945 1238 3012 amantem,
1318 2949 1364 3002 805

329 3133 467 3204 787.d!ille
476 3133 548 3184 modi
561 3132 746 3194 l'euen'sdocr',
758 3131 810 3186 Re·
858 3140 915 3198 σείς
927 3132 973 3188 sed
983 3135 1051 3188 bene
1060 3133 1211 3188 samarian.
1219 3173 1227 3200 ,
1236 3137 1324 3202 puelle
1330 3151 1363 3186 es.

295 3212 368 3282 gius,
383 3210 508 3281 scaligeri
528 3221 648 3280 excerpta
660 3249 668 3278 ,
681 3230 743 3266 cum
756 3211 811 3265 aliis
892 3213 949 3266 801.
972 3215 1081 3266 Tantum
1096 3233 1169 3282 quum
1178 3215 1273 3283 finges.
1289 3218 1364 3282 Quane

296 3287 449 3352 nonnullum
465 3287 511 3342 sed
524 3288 562 3341 nil
574 3287 743 3342 mutandum.
858 3295 967 3346 simulas
977 3293 996 3345 J
998 3293 1066 3346 ureti
1073 3303 1200 3362 excerpta.
1213 3291 1298 3364 Lege,
1311 3295 1364 3344 du

332 3369 387 3440 789.
401 3369 486 3435 Neque
495 3369 605 3420 Phebec'.
615 3370 729 3422 Phaebeae
737 3369 812 3422 Ber·
859 3373 973 3423 simulas.
992 3369 1122 3424 Nonnulli
1143 3390 1174 3423 ex
1197 3369 1363 3436 melioribm,

298 3447 612 3514 mumurantem,
623 3446 813 3517 RegiusetPa·
860 3451 930 3504 Dum
953 3454 1057 3504 erinium
1073 3455 1188 3504 simulas.
1205 3451 1286 3518 Duo,
1309 3451 1366 3502 Tute

292 3527 371 3580 latin.
383 3545 461 3595 aeque
467 3527 528 3593 jam
539 3529 706 3580 Pbaebr‘unus
718 3527 811 3580 Heius.
859 3546 933 3597 quum
941 3533 1056 3583 suculas.
1068 3529 1168 3596 Forte,
1179 3530 1258 3582 Atra
1269 3531 1365 3581 deorse

331 3605 387 3677 794,
401 3605 592 3669 Resjueetisra
601 3607 671 3658 duos.
682 3608 734 3658 Illa
746 3625 813 3659 rne-
853 3608 950 3658 mles.
968 3607 1070 3661 flurs.

297 3680 376 3736 liores
392 3700 398 3733 :
414 3680 544 3750 qnidam,
564 3701 631 3743 uua,
644 3702 707 3736 cum
724 3681 813 3738 Jureti
894 3683 950 3734 803.
966 3680 1364 3752 Quodjuratnluretquidmln·

299 3763 440 3832 excerptis,
455 3771 483 3814 et
494 3758 584 3814 codice
597 3760 763 3817 Samariano.
776 3764 812 3816 H.
894 3761 950 3826 804.
961 3763 1007 3815 Au
1016 3763 1023 3814 .'
1031 3765 1111 3828 pudet
1119 3772 1167 3815 etc.
1179 3761 1212 3815 ln
1224 3779 1279 3814 uno
1288 3757 1365 3828 Regio

292 3841 362 3892 ,ΗΜ
376 3840 456 3893 etiam
471 3840 591 3894 Francos.
607 3851 636 3895 et
654 3840 744 3895 Editio
758 3861 812 3895 uua
860 3850 889 3892 et
901 3839 1030 3894 Berncusi
1041 3879 1049 3908 ,
1062 3851 1139 3894 erat:

301 3917 416 3970 Veneta,
886 3923 911 3964 Ει
920 3937 985 3972 soror,
993 3933 1013 3962 et
1022 3931 1101 3963 eentum
1110 3936 1155 3974 pm
1163 3922 1223 3962 hehet
1229 3922 1265 3962 ill!
1273 3929 1333 3962 notu·

334 3998 390 4068 79⁸1
407 3998 537 4052 madoci.
560 3999 668 4053 Mentilo
686 3999 769 4052 Palae
784 4009 812 4052 et
894 3997 951 4052 805.
965 4001 1133 4067 Gaudiapos!
1144 4002 1303 4054 Vernemeto.
1310 3999 1364 4050 Pos-

194 4077 203 4096 ⁰
301 4072 425 4128 Mentelii
438 4095 515 4129 unus.
861 4083 902 4130 ce!
911 4079 996 4147 prima
1008 4077 1089 4132 editio
1105 4088 1132 4132 et
1148 4077 1266 4148 Regina
1287 4075 1362 4145 quiet

334 4171 391 4225 799
401 4154 462 4218 Ille,
470 4159 564 4221 puella.
576 4159 682 4220 Puella,
696 4157 813 4225 Regius:
860 4163 983 4210 amantes.
997 4157 1097 4212 Hune.
1105 4183 1139 4198 -
1149 4157 1235 4211 Locus
1246 4155 1288 4210 hic
1297 4155 1362 4222 sipyl-

298 4248 342 4282 sex
355 4229 398 4282 alii
408 4232 567 4300 cumprime
578 4233 811 4302 editione,puella
862 4241 942 4301 θολοςῑ
965 4245 1052 4304 posset
1065 4233 1138 4289 enim
1158 4245 1186 4290 et
1204 4233 1237 4290 de
1253 4233 1305 4304 ipsa
1321 4247 1359 4293 res
