3009 5000
307 470 465 537 An'rrs
498 471 782 539 nuurourn
808 475 904 542 nm.
923 478 952 542 1.
1104 506 1169 575 ²79

152 607 346 707 Quassanda
363 626 415 681 est
432 610 496 683 ista
515 608 622 685 Pelias
640 610 735 685 hasta
751 639 862 685 manu.

36 726 37 729 ’
110 727 198 797 Forte
215 742 285 797 erat
300 724 337 796 in
356 723 501 798 thalamo
522 727 617 823 virgo
635 726 756 823 regalis
774 727 913 828 eodemb:

150 842 226 913 llaec
243 838 338 912 illum
353 857 473 942 stupro
492 843 656 944 comperit
670 870 740 917 esse
758 843 877 917 virum.

109 955 239 1029 Viribus
256 954 312 1029 illa
331 955 465 1055 quidem
483 958 568 1031 victa
585 974 651 1045 est,
672 959 718 1032 ita
736 959 866 1034 credere
884 979 1040 1063 oportet:

36 1128 37 1131 η
150 1071 215 1145 Sed
233 1069 340 1144 voluit
356 1072 443 1146 vinci
460 1072 588 1147 viribus
603 1073 661 1149 illa
680 1094 801 1149 tamen.
1120 1120 1169 1171 700

36 1202 37 1207 ’
109 1187 210 1287 Sapo,
229 1188 347 1276 Mane,
366 1186 466 1276 (lixit,
488 1218 590 1289 quum
606 1191 673 1289 jam
691 1209 888 1294 properaret
903 1192 1073 1268 Achilles:
1170 1237 1173 1243 ·

148 1303 261 1377 Fortia
277 1332 354 1376 nam
373 1304 485 1405 posita
502 1324 665 1381 sumserat
679 1337 768 1382 arma
785 1308 871 1383 colo.

108 1418 161 1489 Vis
177 1418 238 1492 ubi
255 1447 345 1493 nunc
359 1419 417 1495 illa
434 1423 512 1494 est?
529 1420 610 1521 quid
627 1422 751 1497 blanda
768 1454 848 1500 voce
866 1426 1007 1500 moraris

148 1533 327 1609 Auctorem
341 1536 466 1636 stupri,
484 1536 678 1628 Deidamia,
698 1540 775 1613 tui?

110 1648 252 1738 Scilicet,
269 1669 308 1725 ut
322 1651 433 1753 pudor
450 1670 501 1726 est
518 1652 686 1754 quondam
706 1656 845 1757 coepisse
860 1658 1024 1758 priorem,
1126 1680 1175 1749 705

151 1766 204 1839 Sic
222 1764 288 1839 alio
312 1786 441 1863 gratum
457 1788 508 1843 est
525 1770 705 1872 incipiente
720 1772 803 1875 pati.

110 1880 177 1954 uh!
196 1882 370 1989 nimia-est
384 1884 498 1982 juveni
515 1887 661 1987 proprie
678 1887 800 1963 liducia
814 1887 943 1978 formae,

151 2000 330 2098 Exspectat
348 1998 489 2099 siquis,
509 1999 588 2074 darn
606 2002 702 2103 prior
718 1999 776 2075 illa
791 2006 906 2097 roget!

109 2110 164 2209 Vir
179 2112 276 2214 prior
293 2114 443 2204 accedat;
457 2116 626 2195 vir'verba
641 2117 812 2219 precantia
826 2117 930 2193 dicat:

152 2230 306 2332 Excipiet
322 2229 463 2305 blandas
481 2234 620 2307 comiter
635 2233 694 2307 illa
710 2261 836 2335 preces.

110 2348 152 2421 Ut
167 2349 317 2449 potiare,
336 2378 438 2445 roga:
455 2367 584 2425 tautum
601 2352 695 2452 cupit
710 2350 768 2424 illa
784 2352 907 2447 rogari.

151 2465 202 2538 Da
221 2493 354 2540 causam
372 2466 443 2539 voti
459 2466 731 2568 principiumque
749 2468 809 2541 tui.

107 2581 234 2682 Jupiter
250 2581 293 2655 ad
310 2600 436 2657 veteres
454 2581 597 2685 supplex
616 2584 781 2658 Heroides
798 2584 889 2659 ibat:

152 2696 327 2798 Corripuit
342 2725 499 2792 magnum
516 2696 610 2772 nulla
627 2699 740 2800 puella
755 2700 885 2774 Jovern.

109 2815 141 2888 si
155 2835 263 2892 tamen
279 2846 299 2890 a
314 2815 473 2917 precibus
493 2814 641 2889 tumidos
659 2815 812 2890 accedere
829 2815 935 2888 fastus
1130 2839 1179 2908 715

152 2933 320 3019 senseris,
336 2931 471 3031 incepto
488 2957 603 3032 parce,
623 2929 776 3031 referque
790 2929 919 3030 pedena.

108 3047 206 3143 Quod
222 3045 364 3142 refugit,
382 3043 496 3118 multae
513 3045 676 3146 cupiunt:
694 3045 811 3132 odere,
832 3045 925 3145 quod
940 3045 1064 3116 instat:

153 3163 277 3238 Lenius
292 3160 451 3236 instando
470 3160 567 3234 taedia
584 3159 666 3235 tolle
679 3161 738 3234 tui.

111 3279 175 3352 Nec
193 3306 324 3380 semper
340 3277 482 3352 Veneris
500 3305 577 3377 spes
594 3293 646 3350 est
661 3273 848 3377 profitenda
861 3271 1015 3368 roganti:

154 3399 261 3471 Intret
274 3395 426 3469 amicitia
442 3394 578 3468 nomine
598 3410 705 3466 tectus
721 3419 823 3466 amor.
1129 3426 1178 3479 720

110 3509 180 3586 lloc
198 3510 291 3585 aditu
308 3509 378 3584 vidi
395 3509 519 3584 tetricae
536 3508 613 3606 (lata
629 3506 731 3581 verba
747 3503 888 3607 puellae:

143 3697 199 3770 flod.
223 3699 378 3766 Quassanda
397 3704 438 3749 asi
455 3703 507 3750 isia
528 3697 618 3748 Elias
702 3691 1179 3763 710.Comu'ierilla.Perperamrnulti,

110 3777 181 3827 duria
192 3795 274 3830 mauu.
285 3775 347 3826 vid.
356 3773 388 3828 ad
402 3775 484 3844 Epist.
497 3791 548 3839 111,
564 3771 618 3825 ruli.
667 3775 782 3824 molliter.
793 3769 863 3824 Vide
875 3769 972 3822 librum
985 3786 1025 3835 11,
1038 3769 1107 3822 Fast.
1121 3769 1181 3837 788:

139 3853 196 3924 598.
207 3855 268 3906 Hac
275 3855 347 3910 ilium
356 3859 444 3920 stupro
451 3862 500 3906 etc.
512 3851 620 3922 Peperit
672 3852 780 3902 Coma'Ier
790 3851 935 3915 excipitur:
947 3848 1182 3915 sauguirrejuucim

111 3933 202 4002 quippe
223 3931 378 4003 Pyrrhum,
400 3941 517 4000 paternae
537 3927 620 3982 laudis
668 3934 742 3980 aral:
755 3936 783 3980 et
796 3926 832 3979 sic
844 3944 911 3993 saepe
925 3923 1021 3976 Livius.

112 4009 233 4062 emulum
245 4027 300 4064 non
312 4007 480 4077 degenerem
689 4065 691 4077 ι
703 4009 759 4077 7¹4·
771 4009 902 4072 Corripuit.
915 4005 1038 4070 Frustra,
1051 4009 1181 4074 increpuit,

149 4090 206 4158 7⁰5.
231 4089 358 4154 Quiddam
380 4091 484 4153 cepr'sse
502 4089 620 4152 priorem.
670 4080 991 4151 etcorrupiihicquidam
1004 4080 1113 4136 codices.

112 4165 235 4220 Mulieres
249 4166 325 4233 libri,
339 4167 462 4234 quadam,
477 4163 518 4216 vel
535 4183 620 4232 quarr-
704 4158 1186 4228 715.Tameuosaccedmsasaussta·

116 4246 178 4297 iura.
191 4243 300 4312 Sardio,
313 4245 437 4313 quandam
450 4260 510 4294 cum
524 4239 623 4311 pedit.
669 4246 713 4293 ius
720 4278 728 4306 ,
740 4236 916 4294 Oxoniensis:
925 4247 1043 4293 venuste.
1057 4236 1187 4293 Ceterum
