3009 5000
345 480 582 551 Auouorc
611 483 663 550 11.
693 483 842 555 unco,
866 483 912 556 v.
1123 492 1187 579 93·

146 621 186 695 Et
200 649 372 722 nunquam
392 651 470 696 casu
484 623 659 726 pulchrior
672 623 729 699 illa
744 625 820 700 fuit.

103 735 268 838 Spectabat
286 755 425 829 terram
443 757 564 816 terram
580 760 729 844 spectare
748 743 912 818 decebat:

146 855 262 930 Morta
278 874 349 931 erat
362 858 400 931 in
417 857 530 946 vultu3
546 877 664 934 musta
682 859 837 933 decenter
853 877 933 934 erat.

102 967 187 1043 Sicut
202 989 314 1062 erant,
334 990 368 1048 et
383 990 478 1048 erant
493 973 594 1065 culti,
607 973 737 1049 laniare
756 974 914 1078 capillos,
1135 999 1169 1067 45

145 1087 185 1160 Et
199 1085 265 1162 fuit
279 1089 316 1162 in
334 1107 463 1164 teneras
476 1091 620 1194 impetus
633 1092 681 1167 ire
698 1121 809 1188 genas.

104 1203 145 1275 Ut
156 1203 268 1280 faciem
283 1205 367 1294 vidi,
386 1205 491 1284 sortes
509 1207 654 1282 cecidere
672 1206 810 1283 lacerti:

144 1319 283 1396 Defensa
300 1339 352 1396 est
366 1323 466 1396 armis
480 1341 600 1398 nostra
616 1324 729 1426 puella
745 1325 826 1400 suis.

102 1434 164 1530 Qui
175 1436 275 1511 modo
294 1468 398 1513 saevus
414 1469 520 1530 eram,
540 1440 684 1544 supplex
700 1440 862 1543 ultroque
876 1442 1010 1538 rogavi,
1093 1433 1095 1436 Α

144 1553 263 1629 Oscula
280 1585 323 1630 ne
340 1558 443 1631 nobis
460 1557 626 1633 deteriora
640 1558 742 1632 daret.
1134 1581 1169 1632 50

104 1669 194 1761 Risit,
213 1690 304 1746 etex
320 1674 432 1748 animo
450 1673 542 1750 dedit
559 1675 703 1778 optima3
716 1673 828 1777 qualia
844 1693 986 1776 possent

143 1795 302 1870 Excutere
319 1795 404 1871 irato
421 1795 487 1871 tela
504 1796 640 1872 trisulca
656 1797 745 1871 tovi.

104 1915 267 2017 Torqueor
283 1918 399 1993 infelix
411 1949 481 2016 ,ne
500 1937 566 1995 tam
581 1921 675 1995 bona
693 1922 850 1996 sumserit
866 1920 970 2011 alter3

144 2041 186 2112 Et
203 2040 281 2114 volo
298 2070 369 2115 non
387 2071 426 2118 ex
439 2043 502 2118 hac
518 2042 577 2118 illa
592 2043 696 2120 fuisse
714 2062 807 2118 nota.

105 2163 171 2239 llec
186 2195 337 2269 quoque,
356 2197 456 2270 quarn
472 2169 588 2259 docui,
605 2167 713 2244 multo
729 2167 869 2244 meliora
885 2167 1045 2258 fuerunt3
1138 2193 1171 2246 55

128 2339 164 2404 le
178 2341 363 2409 mmmmm.
373 2343 539 2412 Eleosquaee
547 2345 604 2396 Va·
652 2351 732 2396 carat-
745 2339 793 2394 Illa
803 2359 885 2407 vero,
896 2359 953 2395 non
965 2339 1048 2394 modo
1056 2359 1114 2395 non
1125 2345 1169 2396 de·

102 2413 160 2468 fican
173 2435 179 2470 :
190 2427 268 2471 reete.
280 2418 516 2486 fluns-casu,
533 2421 602 2474 sorte
652 2425 746 2474 teriora
763 2419 825 2486 dat,
842 2418 889 2474 sed
908 2439 968 2489 qun
987 2420 1076 2490 priora
1090 2421 1171 2494 longe

101 2491 203 2549 [muna.
215 2495 329 2551 Metam.
341 2514 400 2567 vn,
414 2500 464 2568 84:
651 2508 808 2569 superarent
821 2520 828 2563 ;
841 2508 868 2552 ct
883 2518 917 2551 ee
929 2504 1018 2552 anim
1034 2497 1144 2569 quidem
1158 2539 1169 2569 ,

101 2578 233 2620 ιιιιιωιὶω
243 2581 349 2622 smne
356 2585 428 2624 Rem
435 2590 500 2625 utus.
652 2577 724 2649 quod
735 2578 764 2631 in
776 2578 821 2632 tali
831 2598 861 2631 re
873 2598 930 2632 non
941 2578 1039 2633 nullius
1050 2580 1137 2649 pretii.

126 2656 163 2721 44,
178 2656 275 2709 Nesto
290 2660 482 2712 decertarent.
498 2657 604 2713 Eodem
686 2658 727 2711 53.
744 2660 858 2711 &esent
868 2661 943 2711 alter.
960 2658 1090 2727 Excerpta
1104 2656 1171 2712 Sca-

100 2727 135 2783 hit
153 2752 232 2787 seusu
255 2738 378 2789 decenter
397 2735 602 2807 accipiendum,
651 2733 727 2805 ligeri
737 2744 765 2788 et
773 2736 888 2789 Puteani
898 2754 962 2787 cum
973 2734 1132 2789 Sar-caviano
1142 2746 1173 2790 et

100 2826 145 2878 quo
155 2815 263 2867 decebat
270 2854 279 2881 ,
291 2814 320 2867 in
331 2833 408 2868 versu
420 2812 587 2884 precedenti.
652 2833 708 2867 uno
721 2813 861 2883 Palatino,
875 2818 996 2869 sumsen't
1006 2832 1014 2863 :
1026 2826 1096 2870 recte
1109 2817 1171 2870 Art.

125 2893 162 2956 451
169 2894 421 2948 11111111111...111111’.
432 2897 522 2957 Coreli,
532 2914 604 2948 non·
653 2891 716 2944 Am.
728 2908 739 2944 1
745 2932 755 2959 ,
767 2892 819 2966 669
832 2906 840 2943 :

98 2968 155 3022 nulli
160 2992 168 3034 ς
182 2970 228 3025 κά
238 2972 436 3027 cultp'mgfiom
444 2992 546 3027 omna,
559 2974 604 3029 Sic
652 2977 726 3015 Oscula
732 2977 768 3030 qui
775 2976 846 3015 sunsit
854 3004 862 3023 ,
877 2976 894 3013 ei
902 2990 941 3015 son
949 2984 969 3015 st
976 2984 1040 3015 cetm
1048 2984 1119 3017 sumet.

98 3050 183 3113 possim
204 3055 302 3105 recelli
316 3055 425 3120 capilli,
450 3058 480 3104 e!
498 3056 603 3109 inculte
686 3054 726 3117 54.
743 3052 783 3103 ΕΙ
794 3052 853 3104 solo
862 3070 914 3102 eon
922 3069 956 3102 ec
966 3050 1017 3102 dac
1026 3053 1082 3102 ella.
1099 3050 1168 3119 Vel,

96 3142 175 3181 coece.
652 3131 743 3181 vellem
755 3145 825 3179 unus
839 3126 948 3179 Mureti
961 3126 1031 3196 Lege
1044 3146 1051 3179 ς

123 3206 162 3270 46.
174 3206 277 3275 Etsee't
283 3211 312 3259 rie
320 3212 429 3259 teneres.
440 3208 553 3261 Laniare
560 3227 602 3261 ca·
677 3212 702 3249 ῑῑ
709 3208 855 3250 “sssum
864 3222 903 3248 ω’·
912 3209 1014 3247 *Melus
1021 3217 1075 3249 ⁸⁰¹·-

91 3290 165 3350 pr'Ilus
172 3289 249 3342 Heus
246 3288 318 3357 seii,
326 3288 443 3358 quinque
449 3289 537 3359 scripti
542 3308 604 3343 cum
654 3284 720 3351 Vel,
730 3286 820 3352 Deque
830 3287 907 3336 velen
915 3302 966 3335 noe
973 3284 1024 3334 hac
1030 3283 1172 3350 illasuisse

95 3364 174 3430 prima
184 3366 312 3421 editione.
325 3368 427 3421 1111111.
653 3372 722 3419 uota.
742 3366 845 3419 11111111.
863 3366 908 3417 Ex
928 3368 990 3417 eota
1009 3362 1172 3418 mutandum

122 3446 161 3513 47.
178 3448 270 3499 Fortes
287 3446 402 3499 cecidere
414 3448 512 3499 lacerti,
534 3444 606 3499 Em·-
653 3466 710 3499 non
725 3455 780 3509 est;
793 3445 830 3497 ita
842 3444 983 3498 Petronius
992 3455 1019 3497 et
1030 3443 1072 3496 alii
1080 3443 1171 3518 locuti.

92 3518 199 3587 pharim.
219 3524 284 3579 Non
304 3522 386 3576 modo
403 3524 478 3577 enim
494 3527 605 3577 lacertos
655 3522 747 3593 Quare
769 3521 866 3575 rectius
886 3522 1058 3591 rescripsisset
1075 3520 1170 3574 Hein-

93 3598 150 3655 diu't
160 3642 170 3671 ,
181 3604 229 3657 sed
241 3605 362 3674 etsortes
371 3604 461 3671 addit,
479 3622 533 3674 quo
544 3624 605 3659 me-
652 3602 722 3670 sius,
734 3604 807 3671 Eque
818 3605 881 3653 uota
898 3619 950 3652 eos
961 3601 1012 3652 hec
1026 3602 1074 3651 illa
1080 3598 1172 3667 seetse

92 3676 138 3734 lius
154 3682 304 3738 innotescat
320 3682 378 3752 quis
396 3684 476 3737 suerit
495 3688 605 3752 e'eepelns
653 3687 745 3746 celeiae,
765 3693 796 3736 ut
807 3682 936 3735 Francius
947 3680 1059 3734 volebat.

93 3762 126 3809 ire
135 3760 163 3813 in
177 3762 311 3833 puellam
328 3772 355 3815 et
367 3780 420 3831 quo
433 3770 522 3815 tantus
531 3762 605 3815 brevi
687 3761 1173 3829 ⁵5.Haecquoque,quameocu1·‚mlto

94 3838 178 3910 fragor
199 3842 332 3898 reciderit.
357 3846 412 3911 Qui
428 3845 503 3895 modo
523 3860 605 3895 seruc
652 3842 760 3891 meliora
775 3838 892 3906 ficerunt.
913 3836 1013 3889 Sensus
1028 3835 1171 3903 exquisitus

94 3934 159 3971 emes
170 3932 218 3975 etc.
653 3932 750 3975 etvere
759 3920 872 3974 amantis
882 3930 938 3986 est,
951 3919 997 3987 qui
1013 3916 1085 3972 dolet
1096 3921 1170 3972 auri-

126 4002 167 4053 51.
175 4005 327 4065 Ite'se‘t‚etee
335 4004 605 4071 anenodedstoprima.
652 4018 712 4053 cam
723 4018 751 4053 se
764 3999 930 4062 doctiorem,
952 4014 1032 4066 qnam
1044 3996 1169 4065 reliquit,

99 4070 208 4147 {togatae
220 4081 338 4151 primum
351 4085 459 4150 supplex
474 4081 604 4149 Ovidius,
652 4078 770 4149 reperire
782 4100 789 4141 ;
802 4087 830 4131 et
840 4096 919 4131 suum
931 4076 967 4129 illi
977 4082 1088 4145 prelium
1102 4076 1168 4131 invi·

101 4169 131 4205 ne
141 4160 261 4213 deteriora
269 4160 333 4227 sibi,
342 4178 423 4229 quam
432 4159 520 4227 rivali,
529 4158 605 4213 daret
653 4156 715 4225 det,
728 4154 773 4225 qul
785 4159 890 4209 seele'ora
902 4154 1007 4223 docuit,
1021 4150 1169 4225 quadripes

102 4242 200 4307 oscor„
216 4243 311 4313 quippe
323 4258 383 4313 qua
395 4246 491 4310 optim
502 4238 606 4310 dijudi-
653 4236 798 4306 docuerat,
810 4239 907 4295 oscula,
