3009 5000
321 447 389 514 206
608 454 647 519 e.
673 454 856 524 ovrnrr
885 425 1116 532 nasonis

369 574 605 693 Sarmataque;
622 609 657 667 et
673 593 778 670 durus
795 597 954 673 contudit
973 627 1031 676 ora
1053 601 1164 678 Getes.

318 707 513 781 Extinctum
531 725 566 782 et
581 725 713 784 montes
729 710 873 802 flebant,
889 731 923 789 et
940 715 1050 817 sylva,
1067 718 1229 823 seraque,

366 829 413 900 Et
430 826 525 902 llesse
541 828 579 901 in
594 828 713 904 mediis
731 829 855 905 (licitur
868 834 956 906 Ister
972 835 1079 936 aquis.

319 943 414 1041 Quin
432 943 531 1019 etiam
548 942 648 1045 pigro
663 964 857 1022 concretum
872 948 999 1044 frigore
1018 953 1183 1042 Pontum,

367 1057 551 1133 Nereidum
567 1057 712 1134 lacrimis
729 1061 915 1165 intepuisse
932 1063 1055 1141 lerunt.

318 1177 502 1252 Accurrere
517 1174 606 1252 leves
624 1178 754 1279 Paphia
764 1209 848 1254 cum
864 1197 968 1255 matre
987 1181 1155 1272 volucres,

367 1293 566 1393 Arsuroque
583 1291 670 1367 laces
688 1322 895 1396 supposuere
909 1325 1006 1393 rogo.

319 1409 432 1508 Quem
448 1407 549 1482 simul
564 1408 731 1482 absumsit
746 1410 872 1512 rapida·
888 1411 1047 1488 violentia
1062 1414 1219 1506 flammae,

367 1525 555 1629 Relliquias
573 1543 663 1600 tecto
680 1555 901 1629 composuere
919 1528 1022 1620 cad03
1286 1515 1288 1518 Ι

317 1644 588 1747 Impositumque
604 1643 700 1719 brevi
715 1644 893 1741 signarunt
909 1649 1053 1724 carmine
1069 1678 1206 1725 saxum:

370 1795 389 1827 o
406 1761 478 1860 Qui
493 1761 579 1859 jacet
594 1759 667 1850 bic,
683 1763 788 1837 teneri
806 1761 928 1838 doctor
945 1766 1068 1842 amoris
1085 1787 1165 1843 erat.
1183 1801 1202 1835 o

208 1978 210 1981 Ι
317 1881 397 1980 Ipsa
413 1876 527 1953 locum
544 1876 609 1952 late
628 1895 745 1955 saneto
764 1857 928 1982 Cytherea
944 1880 1077 1986 liquore

367 1999 496 2070 lrrorat
511 1994 608 2070 nivea
625 2012 742 2098 terque
763 2014 946 2101 quaterque
963 2027 1074 2075 mauu.

317 2116 389 2189 Vos
407 2143 560 2217 quoque,
580 2114 747 2205 Pierides,
766 2115 834 2189 rati
848 2115 980 2192 libastis
997 2117 1131 2192 ademto

367 2231 541 2320 Carmina,
556 2230 616 2306 sed
632 2249 752 2306 nostro
769 2260 841 2305 non
858 2231 1030 2308 reserenda
1048 2260 1145 2308 sono.
1166 2267 1170 2274 ·

580 2570 589 2595 ⁴
690 2592 931 2679 ELEGIA
967 2596 1019 2683 X.

330 2970 367 3009 ΑΒ
385 2971 522 3011 CERERI!
534 2977 542 3012 :
554 2973 705 3025 QUBMTUR
721 2974 798 3026 QUOD
815 2973 906 3015 uuus
923 2972 1021 3017 sucus
1040 2975 1102 3017 CUM
1120 2974 1213 3015 lusca
1233 2974 1391 3015 [MERUM

734 3074 790 3115 sm
809 3076 868 3116 NON
885 3075 994 3116 HGEM.

320 3232 452 3339 ANNI]
460 3278 483 3333 Δ
500 3279 663 3361 venerunt
681 3261 828 3338 Cerealis
846 3280 999 3364 tempora
1015 3263 1122 3338 sacri:

368 3377 515 3452 Secubat
532 3379 567 3451 in
583 3406 688 3453 vacuo
706 3378 778 3453 sola
792 3375 905 3481 puella
924 3394 1009 3451 toro.

317 3495 418 3570 Flava
435 3496 556 3584 Ceres,
575 3511 691 3571 leuues
706 3495 809 3597 spicis
825 3493 979 3571 redimita
996 3492 1152 3596 capillos,

355 3714 377 3746 r.
394 3692 492 3746 Arm
501 3698 679 3746 meretricie.
691 3692 781 3745 Ludos
792 3691 835 3745 in·
884 3691 984 3761 pertine
996 3688 1070 3745 leidis
1082 3692 1147 3744 festa
1157 3688 1209 3761 (11,
1222 3688 1297 3762 Eleg.
1310 3689 1402 3762 xm),

320 3773 389 3827 (licat
406 3774 451 3844 qui
465 3773 559 3826 llomae
581 3792 743 3842 unoquoque
762 3791 835 3827 auno
883 3772 913 3825 in
929 3770 1059 3823 Cererem
1070 3771 1107 3824 sic
1119 3768 1262 3824 invehilur.

319 3852 469 3906 amalronis
477 3864 503 3905 et
510 3851 668 3921 virginibus,
676 3870 694 3906 r
703 3851 742 3905 ld.
750 3852 834 3921 April.
918 3872 941 3903 a.
953 3853 984 3903 Ia
996 3870 1085 3904 vacuo.
1095 3850 1131 3903 Er
1139 3848 1182 3904 hic
1191 3850 1274 3906 Mss.
1282 3852 1403 3917 variam

319 3932 347 3986 iu
360 3931 492 3985 bonorem
504 3930 610 3997 Cereris
621 3932 834 3985 celebrabantur:
885 3930 1010 4000 quidam,
1027 3924 1118 3983 or'duo:
1129 3929 1171 3984 alii
1182 3934 1271 3984 medrb.

319 4028 374 4079 quo
386 4020 505 4080 tempore
516 4049 523 4077 ‚
536 4010 661 4063 mulieres
678 4010 836 4064 accubabant
917 4010 941 4062 3.
953 4012 1035 4062 Flava
1046 4011 1127 4063 Ceres.
1139 4008 1218 4065 Dicta
1228 4010 1280 4077 sic,
1290 4028 1305 4063 a
1314 4008 1402 4065 colore

319 4087 423 4154 oriris,
435 4088 529 4157 quibus
540 4108 574 4141 ue
587 4088 673 4144 aditus
682 4088 790 4158 quidem
801 4086 834 4141 ad
884 4098 995 4141 maturae
1006 4086 1100 4157 segetis
1111 4126 1118 4153 ,
1130 4106 1190 4156 quae
1198 4090 1322 4156 flavescit
1333 4106 1401 4141 sen-

317 4164 461 4222 satrarium
468 4164 533 4218 Deae
539 4166 650 4235 patebat.
658 4164 741 4235 Quod
750 4184 835 4236 quum
883 4164 951 4233 sim,
967 4176 1046 4235 prout
1057 4164 1223 4231 maturescit,
1244 4164 1281 4218 ita
1292 4175 1323 4219 ut
1334 4168 1401 4217 rubi-

318 4259 375 4299 non
383 4243 483 4314 equus
491 4243 573 4298 ferret
581 4244 756 4315 umquam
765 4244 835 4300 Pro·
883 4242 1399 4317 conclavim),quumsrcce'ditur.Cc-
