3009 5000
279 496 323 542 ao
562 461 603 526 Ρ.
635 451 816 524 OVIDII
847 441 1076 515 NASONIS

328 607 508 706 Pugnabat
524 599 639 676 tunica
656 593 716 670 sed
732 610 845 667 tamen
861 584 920 660 illa
935 582 1015 679 tegi.

279 736 461 831 Quumque
479 725 527 796 ita
541 729 726 821 pugnaret,
746 727 918 806 tamquam
933 729 1007 803 quae
1018 698 1151 772 vincere
1163 690 1287 782 nollet,
1326 713 1356 765 15·

327 847 427 920 Victa
443 857 580 916 estnon
594 858 681 928 aegre
696 823 892 929 proditione
906 848 976 894 sua.
1019 845 1024 865 =

277 973 326 1043 Ut
342 963 437 1040 stetit
453 976 528 1034 ante
547 948 663 1027 oculos
680 943 795 1048 posito
811 936 973 1016 velamine
989 949 1144 1022 nostros,

324 1085 367 1156 ln
385 1093 459 1152 toto
476 1093 644 1168 nusquam
661 1087 805 1162 corpore
823 1054 945 1131 menda
961 1052 1036 1126 suit.

277 1200 378 1297 Quos
394 1194 573 1272 humeros,
594 1178 710 1284 quales
726 1175 796 1250 vidi
814 1170 978 1270 tetigique
993 1165 1153 1240 lacertos!

324 1316 445 1388 Forma
460 1300 663 1408 papillarum
681 1319 782 1395 quam
798 1289 866 1363 suit
883 1303 963 1387 apta
979 1283 1104 1385 premi!

277 1433 390 1530 Quam
408 1421 570 1516 castigato
588 1411 710 1515 planus
729 1406 794 1482 sub
812 1421 950 1506 pectore
965 1399 1101 1474 venterl

326 1551 503 1644 Quantum
520 1551 554 1610 et
572 1527 669 1633 quale
687 1525 792 1598 latus!
814 1547 916 1622 quam
932 1514 1079 1617 juvenile
1097 1514 1225 1588 lemur!

277 1661 419 1760 Singula
432 1655 515 1760 quid
532 1645 698 1726 reseram?
715 1640 765 1716 nil
781 1668 853 1713 non
868 1631 1038 1710 landabile
1055 1632 1141 1720 ridi3

325 1785 373 1856 Et
389 1774 514 1852 nudam
531 1763 640 1870 pressi
657 1785 784 1860 corpus
800 1753 967 1853 adusque
985 1777 1107 1825 meum.

278 1901 397 1976 Cetera
415 1889 491 1994 quis
508 1881 638 1958 nescit?
655 1875 735 1951 lassi
752 1869 978 1972 requievimus
995 1865 1106 1940 ambo.
1212 1892 1215 1896 ⁴
1266 1946 1269 1950 ι
1328 1886 1362 1938 25

277 2075 476 2150 bombycinam,
487 2083 586 2136 nempe
595 2060 691 2124 Coam,
706 2064 752 2108 ant
763 2073 801 2106 se-

278 2161 374 2214 ricam:
383 2165 412 2206 ut
420 2149 489 2221 apud
498 2147 595 2199 Horat.
604 2143 664 2193 Cois
673 2139 798 2202 libr'paeaa

850 2059 878 2104 et
889 2048 1025 2119 eleganter
1037 2047 1159 2117 Propert.
1171 2043 1244 2114 Eleg.
1255 2043 1298 2097 cit.
1313 2063 1343 2096 aa
1357 2058 1364 2092 :

985 2158 1008 2170 ...
1019 2129 1078 2169 Oculi
1088 2137 1133 2167 suat
1142 2128 1163 2167 in
1170 2141 1236 2166 amore
1244 2122 1316 2165 duces:

279 2242 367 2294 vs'darr
377 2239 421 2288 es!
427 2275 433 2296 ,
452 2234 482 2283 a!
493 2227 594 2280 andam.
611 2218 681 2273 Plin.
692 2214 737 2268 lib.
749 2227 798 2276 VI,
819 2211 822 2214 ⁴
880 2229 920 2260 as.
941 2207 1022 2272 Quam
1034 2207 1170 2270 castigato.
1182 2199 1271 2255 Cesar
1279 2217 1317 2266 11,
1329 2198 1364 2253 de

279 2337 335 2387 cap.
344 2328 421 2376 xvir,

282 2413 363 2464 opera,
375 2398 428 2442 lam
437 2389 555 2453 longiaqa

280 2482 308 2529 r'a
316 2474 421 2543 publico
433 2467 559 2533 litlintona¹
575 2454 709 2511 traluceat.
727 2446 801 2517 Qui-

281 2556 330 2610 bus
349 2546 442 2604 similia
456 2540 524 2613 apnd
539 2533 657 2591 eundem
668 2528 749 2583 habes
767 2524 801 2578 de

282 2640 354 2685 veste
364 2620 521 2697 Assyrialib.
535 2634 564 2670 xt
575 2655 583 2681 ,
596 2632 650 2682 cap.
665 2632 687 2663 a.
698 2608 802 2675 Perpe-

282 2728 342 2761 rarn
355 2713 445 2757 autem
457 2694 565 2767 quidam
577 2690 723 2758 interpres,
736 2685 804 2736 rnul-

283 2794 338 2841 tum
348 2800 410 2837 cum
419 2797 478 2832 rara
488 2769 634 2835 construit,
647 2780 802 2835 quomrum

283 2866 396 2919 noraha!
401 2900 408 2915 .
420 2854 522 2909 debeat.
531 2853 605 2903 Ilara
614 2856 702 2899 antem
713 2839 803 2895 tunica

284 2954 324 2999 est
338 2936 449 3001 eadem,
463 2932 492 2985 ni
504 2929 591 2990 l'allor,
606 2942 687 2994 quarn
696 2920 803 2973 Rallara

286 3012 608 3077 lanicamvocatl'lautus,
616 3000 802 3073 Epid.Act.11,

287 3104 329 3157 Sc.
336 3117 368 3165 11,
378 3115 445 3149 vers.
453 3094 484 3159 45
494 3109 500 3143 :
509 3088 554 3141 nbi
563 3082 707 3156 opponitur
714 3084 804 3147 spr'ssae

286 3183 386 3235 danice.
399 3174 502 3227 Herus.
706 3172 708 3181 ⁴

323 3258 361 3323 14.
371 3252 510 3320 Pugnabat
519 3246 608 3297 {andra
619 3249 667 3291 etc
681 3236 805 3305 Propert.

287 3337 355 3391 libro
370 3348 407 3399 11,
422 3328 496 3397 Eleg.
510 3339 565 3389 xrs,
580 3338 646 3372 vers.
659 3319 687 3383 4:

313 3418 417 3459 Interdum
429 3412 496 3451 tainica
504 3408 562 3447 duxit
572 3412 639 3455 operta
647 3413 728 3439 moram.

288 3521 323 3535 -
334 3493 366 3544 Se
384 3495 468 3541 tamea
485 3486 534 3536 1'Ila
552 3483 610 3546 tegi.
633 3476 687 3527 Sed
701 3478 803 3532 tamea,

289 3570 420 3627 meliores.
435 3564 480 3617 Sic
490 3570 518 3613 et
531 3557 590 3610 Art.
599 3554 688 3607 Amat.
700 3567 727 3617 t,
739 3548 806 3601 ooo:

314 3650 422 3703 Pugnando
432 3644 486 3685 vinei
494 3642 529 3680 sed
537 3648 602 3677 tamen
610 3638 644 3675 illa
654 3635 713 3673 uolet.

292 3730 333 3782 Ut
345 3735 373 3779 et
386 3722 421 3777 ibi
440 3716 499 3773 libri
516 3710 657 3769 nonnulli:
670 3702 806 3777 quomodo

292 3806 365 3861 idem
377 3818 455 3855 mox:

317 3888 356 3929 snt
365 3886 429 3926 soluit
438 3880 492 3920 vinci
502 3876 578 3919 viribus
587 3873 701 3912 illatamon.
710 3868 792 3908 Hem.

328 3964 366 4015 15.
379 3960 519 4024 Quoquum
526 3955 565 4003 ila
570 3949 703 4018 pugnaret
716 3944 808 4009 (duum-

292 4060 340 4113 que
357 4044 413 4098 ita,
433 4032 530 4085 rectius
543 4048 587 4083 sex
598 4024 664 4079 libri.
678 4023 762 4075 lnsm.
774 4046 808 4060 -

297 4123 361 4187 Qua
369 4120 468 4167 macera
478 4112 564 4161 nollet.
576 4108 608 4157 Se
616 4108 715 4156 vincare
725 4098 808 4151 Fran·

291 4196 387 4251 cosurt.
400 4188 479 4245 credo
491 4205 556 4256 pro,
569 4189 597 4236 si
606 4188 712 4234 vincere.

330 4256 806 4347 radasbona,quaresercttecre

435 2307 468 2360 de
476 2305 577 2359 serico:
593 2301 657 2351 Tam
664 2293 804 2360 multiplici
847 2284 914 2338 Bell.
928 2281 995 2337 Gatt
1008 2285 1047 2336 Et
1056 2281 1181 2350 instante
1189 2283 1279 2332 lenter
1287 2281 1365 2330 casti·

556 2400 572 2433 a
583 2379 642 2430 orbe
647 2376 757 2442 petitur,
772 2372 803 2419 a!
846 2368 970 2432 galas,ut
977 2361 1040 2431 legit
1047 2357 1292 2412 Faernusssnnsm.
1301 2356 1365 2409 Non

849 2449 969 2494 accurate
980 2438 1059 2506 satis,
1071 2449 1102 2491 ut
1110 2456 1160 2490 nec
1168 2446 1240 2488 recte
1249 2434 1366 2504 aliqnan-

850 2520 938 2573 tulum
950 2516 1075 2585 dimisso,
1093 2516 1285 2585 interpretatur
1297 2514 1365 2566 Ma—

850 2596 1019 2652 riustmelins
1028 2595 1229 2660 dixeratantea,
1243 2594 1367 2645 emenda-

850 2685 892 2740 !a,
906 2683 1031 2739 correcta,
1047 2673 1176 2727 nimirum
1189 2693 1238 2743 per
1244 2672 1366 2739 fasciam,

852 2778 903 2827 qua
915 2766 1092 2810 tumescentes
1104 2765 1131 2807 et
1139 2754 1311 2807 exuberantes
1323 2749 1369 2802 ni-

851 2836 902 2890 mis
914 2835 1021 2906 papillas
1030 2833 1287 2887 solebantcoerrere.

887 2915 926 2967 23:
943 2916 994 2967 Nil
1006 2913 1203 2977 aoa'laadabr'le
1217 2912 1279 2963 vidi.
1295 2910 1375 2961 Nihil

851 2994 1003 3047 illaudabile
1024 2988 1106 3043 codex
1127 2988 1315 3059 Neapolitanus
1341 2997 1371 3039 et

852 3072 995 3124 Junianns.
1005 3070 1107 3123 Hesus.

887 3151 927 3202 25.
944 3152 1039 3203 Cetera
1053 3152 1109 3216 qais
1125 3145 1237 3198 nescit?
1263 3140 1371 3196 Reticet

854 3226 987 3298 pudenter
994 3224 1135 3290 ulteriora,
1145 3241 1203 3293 quae
1210 3232 1300 3275 tamen
1308 3220 1371 3274 satis

853 3306 969 3371 indicat,
987 3323 1071 3373 quum
1084 3300 1174 3367 addit,
1194 3302 1371 3367 Iassr'raqaa'e-

855 3391 935 3437 aiam
947 3387 1028 3435 amba.
1040 3380 1094 3434 Sed
1106 3380 1133 3432 iu
1145 3378 1197 3431 hoc
1209 3396 1241 3430 eo
1252 3375 1371 3429 laudan—

856 3461 905 3516 dus
917 3461 1014 3530 magis,
1029 3477 1082 3528 qno
1094 3456 1142 3510 sibi
1153 3454 1253 3509 facilius
1264 3454 1290 3506 iu
1305 3452 1372 3506 tali-

853 3540 903 3595 bus
913 3538 1067 3593 enarrandis
1078 3546 1180 3589 veteres
1189 3531 1371 3603 indulgebant.

855 3648 889 3661 —
902 3615 1089 3672 conterendus
1106 3634 1168 3669 cum
1185 3613 1282 3667 Nostro
1299 3612 1373 3663 Pro-

855 3710 923 3769 pert.
940 3697 985 3767 qni
1003 3696 1069 3749 libro
1084 3710 1122 3758 11,
1137 3692 1210 3762 Eleg.
1224 3706 1253 3743 Χῖ
1266 3698 1293 3742 et
1305 3704 1346 3741 xtt
1362 3729 1371 3754 ,

856 3776 928 3830 idem
940 3775 991 3827 lroc
1004 3781 1193 3843 argumentum
1206 3769 1279 3839 prior
1296 3777 1373 3820 trac-

856 3864 973 3920 laverat,
984 3864 1010 3905 et
1020 3850 1118 3905 Ovidio
1126 3848 1375 3910 forterecr'laaera15
1433 3838 1436 3843 ¹

857 3930 1080 3999 nam,utaitipse,
1091 3924 1270 3991 Trist.1v,El.
1282 3941 1310 3990 x,
1322 3926 1355 3989 45
1367 3943 1374 3975 ε

856 4022 910 4070 &cpe
921 4030 966 4057 suo!
976 4018 1047 4054 ustinus
1056 4015 1137 4053 recitare
1144 4012 1257 4063 Propertius
1270 4010 1326 4059 ignes
1335 4022 1342 4058 ς

856 4093 901 4146 ubi
913 4089 1031 4144 notanda
1048 4108 1110 4143 sane
1124 4084 1227 4157 egregia
1238 4082 1311 4135 verbi
1328 4101 1376 4135 ar.-

857 4171 960 4242 eeptio,
981 4188 1040 4239 quae
1057 4172 1129 4235 1'gaas
1142 4174 1217 4218 vocet
1234 4161 1373 4228 carmina,

858 4252 952 4321 quibus
964 4249 1079 4303 fideliter
1091 4245 1157 4300 adeo
1174 4244 1307 4297 commissi
1318 4238 1375 4308 spi·
