3009 5000
335 471 381 557 64
616 470 655 534 P.
685 465 866 536 OVIDlI
892 461 1126 532 NASONIS

347 633 349 640 '
379 612 524 708 Tingere
543 635 644 710 quam
658 605 790 709 possis,
807 604 876 704 janu
892 604 956 677 tibi
973 601 1068 680 nulla
1084 631 1178 679 como
1195 621 1257 678 est

332 733 399 819 At,
419 727 447 801 si
464 751 562 828 passa
580 721 686 810 fores,
706 719 789 821 qnid
804 736 876 793 erat
892 719 1079 820 speciosius
1094 719 1202 792 iltis?-

385 843 607 938 Contigerant
619 839 743 926 imum‚
763 865 830 938 qna
844 852 939 939 patet
955 863 1081 937 usque,
1101 835 1199 910 latus.

335 961 452 1062 Quid?
470 957 564 1060 quod
581 972 677 1030 erant
694 973 828 1042 tenues,
847 969 881 1025 et
899 981 987 1052 quos
1007 964 1125 1028 ornare
1143 954 1296 1041 timeres3
1396 971 1412 1024 5

383 1075 468 1152 Vela
484 1073 624 1150 colorati
644 1069 755 1174 qualia
769 1069 868 1143 Seres
884 1068 1030 1143 habent:
1129 1098 1132 1104 ’

335 1194 400 1272 Vel
417 1193 502 1297 pede
523 1190 616 1293 quod
635 1187 752 1285 gracili
770 1185 907 1260 deducit
921 1214 1039 1260 aranea
1055 1183 1170 1274 filum,

387 1312 505 1409 Quum
521 1308 593 1384 leve
610 1307 744 1381 deserta
763 1303 827 1377 sub
844 1302 939 1382 trabe
955 1303 1061 1377 nectit
1079 1302 1194 1404 opus?

283 1535 286 1540 Α
337 1523 411 1559 croco
422 1509 535 1556 vertere.
555 1495 645 1552 Pudet
656 1515 699 1550 eas
711 1493 792 1548 etiam
803 1510 854 1545 na·
904 1509 985 1560 quam
1005 1491 1060 1560 ipse
1078 1494 1175 1544 uellera
1189 1488 1309 1559 proxime
1327 1487 1413 1540 subse-

337 1579 417 1634 tiouis
428 1596 496 1644 sum,
511 1573 582 1646 quod
594 1591 651 1627 non
665 1575 800 1626 Gemauae
809 1576 854 1620 aut
905 1569 998 1639 quenti
1016 1589 1095 1623 versu
1111 1568 1241 1621 nominat.
1263 1567 1343 1620 Hanc
1354 1584 1413 1618 vero

237 1653 240 1659 ’
341 1661 427 1714 Galle
443 1656 496 1709 sint
512 1662 675 1724 procreata:
694 1650 731 1702 ita
742 1646 854 1718 patriam
905 1647 978 1718 qnasi
1001 1646 1175 1718 lanuginem,
1203 1645 1330 1700 arborum
1351 1643 1414 1696 soliis

338 1735 432 1807 capillo
443 1731 622 1788 transferunt!
642 1751 656 1776 ιι
904 1723 1251 1795 inherentempopulorum
1258 1721 1336 1793 primi
1341 1720 1413 1774 Seres

373 1835 396 1868 ι.
414 1815 521 1880 fingere
529 1829 604 1880 quam
607 1812 702 1876 possis.
713 1805 787 1860 Puto
796 1822 856 1856 rec·
905 1802 934 1856 iu
950 1803 995 1856 fita
1007 1802 1157 1870 duxerunt,
1174 1803 1376 1869 intereruntque
1387 1799 1414 1850 iu

339 1893 524 1962 tius‚fingere‚
534 1909 569 1943 ne
577 1885 694 1943 biaidem
705 1883 774 1938 dicat
784 1903 790 1945 ;
800 1883 856 1951 jam
906 1900 1017 1951 pannos,
1026 1880 1098 1934 unde
1103 1891 1188 1950 vestes
1194 1877 1413 1940 idiotenuissimae,

340 1972 413 2026 enim
438 1972 565 2024 ureds'care
589 1969 698 2035 capillos
718 1959 856 2034 praeoessit
907 1960 1042 2030 «quibu,
1054 1970 1086 2012 ut
1097 1959 1133 2013 ait
1145 1959 1268 2026 Solinus,
1288 1966 1414 2012 ostentare

341 2049 417 2104 Med.
430 2048 534 2103 Faciei:
906 2039 993 2109 potius
1005 2057 1131 2108 corpora,
1145 2057 1226 2108 quam
1244 2035 1355 2102 vestire,
1367 2035 1415 2087 sa-

341 2135 397 2174 nm
405 2130 610 2186 mimasque
620 2137 694 2166 comt.
905 2119 987 2172 minis
994 2117 1122 2188 persuasit
1133 2116 1242 2170 luxurio
1250 2114 1331 2169 libido
1349 2115 1416 2167 »Co-

271 2263 273 2268 ,
343 2210 403 2262 Art
415 2207 478 2260 Am.
490 2204 558 2258 libro
564 2203 671 2274 primo,
685 2197 735 2254 306
747 2216 765 2265 τ,
906 2201 1082 2250 Iomtr'autem
1090 2196 1170 2254 Seres.
1179 2193 1241 2265 quia
1250 2193 1325 2246 Indis
1334 2191 1415 2245 finiti-

342 2294 398 2346 Quta
408 2292 466 2332 ιοιὶιι
475 2290 550 2343 positu
559 2287 618 2340 fingis
627 2278 693 2338 thaps·
702 2283 785 2324 somn?
794 2283 824 2322 Η·
906 2276 961 2343 uui,
975 2274 1020 2343 qni
1033 2274 1116 2328 nimia
1127 2273 1188 2328 solis
1199 2271 1333 2326 vicinitate
1343 2288 1416 2324 com-

342 2369 466 2424 -Reete
476 2363 691 2435 quidemfiugem
702 2360 730 2413 in
739 2358 801 2412 loeis
811 2355 860 2410 ad·
907 2353 978 2407 beuti
999 2352 1195 2423 nigresoentem
1218 2348 1283 2404 inde
1306 2349 1415 2405 colorem

343 2447 413 2511 latis;
426 2443 473 2501 sed
485 2441 582 2496 rectius
594 2439 680 2494 multo
692 2439 745 2505 hic,
755 2442 860 2505 tangere.
908 2440 1054 2485 traxerunt.

376 2527 400 2579 3.
415 2526 548 2591 Qur'desat
557 2523 697 2588 speciosius
705 2520 760 2570 atto
768 2520 784 2570 ?
793 2515 861 2582 spa·
943 2534 965 2583 7.
986 2515 1039 2567 Vel
1046 2512 1114 2579 pede
1131 2511 1202 2579 quod
1211 2511 1309 2577 gracili
1323 2508 1419 2562 deduci!

344 2609 444 2665 tioss'us,
456 2602 675 2655 Puteaneuscum
683 2591 860 2658 duobusaliis,
908 2593 1213 2662 amneafilnns.Fmgr'li,
1228 2589 1258 2643 in
1267 2588 1349 2641 altero
1361 2585 1418 2639 Me·

345 2693 372 2737 et
385 2680 473 2735 Jureti
485 2676 612 2747 excerptis
624 2694 631 2728 :
644 2682 724 2728 recte.
737 2672 775 2725 H.
794 2671 860 2725 Sine
909 2670 999 2734 diceo;
1009 2668 1081 2731 unde
1083 2668 1169 2737 sacili
1171 2666 1330 2736 conjiciebat
1336 2664 1418 2718 Hein-

345 2758 428 2812 dubio
439 2774 502 2809 vera
512 2752 589 2807 lectio
602 2772 610 2816 ς
624 2760 651 2804 et
663 2750 699 2807 ita
710 2749 862 2819 conjecerat
909 2745 1352 2809 sius.Pmducr't,Sarravii:s1-ustra;
1361 2758 1418 2795 usur

346 2836 448 2889 Dousa.
458 2835 616 2894 Pmlr‘ost'us,
638 2828 731 2881 tertius
748 2825 861 2881 Palatio.
907 2830 1012 2896 gracilis
1021 2836 1049 2879 et
1055 2827 1179 2879 deducere
1188 2822 1297 2894 propria
1304 2824 1332 2877 in
1339 2820 1418 2874 haere

347 2917 505 2973 Formosr'us,
518 2908 620 2962 More-ti
628 2906 737 2977 primus.
746 2905 845 2959 Bou.
910 2906 1004 2972 verba,
1017 2915 1087 2959 utet
1099 2905 1127 2956 in
1141 2902 1258 2956 lanificio
1269 2900 1418 2971 puellarum:

380 2995 404 3045 5.
417 2994 523 3045 Tenues.
533 2987 645 3041 Summa
653 2986 681 3038 in
689 2982 786 3055 capillis
792 3001 863 3037 com·
911 2986 1034 3055 Propert.
1046 2999 1095 3051 tv,
1109 2979 1182 3052 Eleg.
1195 2996 1248 3048 ιιι,
1261 2981 1294 3033 33
1305 2995 1312 3029 ι

347 3068 484 3124 mendatio
497 3085 504 3121 ι
515 3068 576 3119 infr.
588 3080 639 3131 111,
655 3064 728 3133 Eleg.
742 3079 774 3130 x,
788 3062 821 3114 3:
934 3069 1032 3121 strupo
1042 3066 1137 3107 innotos
1146 3066 1220 3105 venen
1228 3064 1353 3103 omnm.

347 3156 566 3201 stat-cemma
578 3145 837 3203 spicirredimitncapfflas.
912 3136 948 3189 Et
965 3133 998 3187 ad
1015 3133 1071 3187 hec
1087 3130 1201 3184 adducta
1215 3129 1259 3183 illa
1279 3126 1380 3198 Virgilii
1394 3123 1419 3179 in

349 3228 412 3283 vid.
431 3224 549 3280 Broukh.
561 3221 594 3277 ad
608 3222 667 3276 Tib.
679 3237 707 3289 1,
722 3219 764 3274 El.
774 3236 810 3287 x,
822 3218 864 3272 68.
913 3217 1002 3267 Culicc
1013 3209 1190 3281 comparatio:

347 3338 381 3349 -
393 3310 462 3375 Quos
472 3324 562 3358 omum
572 3308 682 3355 temeres.
695 3298 788 3353 Codex
800 3298 866 3350 Mo·
912 3307 1021 3353 Latmus,
1030 3303 1115 3351 otoni,
1129 3300 1205 3354 gracili
1213 3298 1328 3347 ιοιιιιιιιε
1340 3294 1420 3341 τώ,

348 3388 417 3456 reti,
429 3402 479 3456 pro
490 3382 592 3436 diversa
603 3380 717 3435 lectione
728 3418 736 3446 ‚
748 3383 865 3446 spectare
912 3383 981 3433 Atque
987 3378 1079 3417 armati
1086 3373 1380 3416 mmsormvtnmmns

336 3464 466 3521 'decenn
478 3464 546 3516 sorte
557 3500 564 3528 ,
574 3478 680 3528 pexam.
691 3458 794 3511 liuns.
912 3455 954 3509 Ut
968 3452 1042 3507 enim
1058 3468 1155 3504 manea
1166 3454 1267 3505 sem
1280 3463 1378 3505 orsum,
1395 3438 1421 3493 id

382 3546 407 3599 6.
429 3546 494 3598 Vela
505 3544 616 3595 colorati
627 3539 714 3608 qualia
727 3537 801 3589 Sem
811 3537 866 3587 ha·
913 3536 1049 3601 estfilum,
1063 3529 1135 3601 quod
1147 3526 1270 3594 orditur,
1287 3532 1361 3579 tenue
1370 3524 1421 3577 sor-

350 3628 419 3679 dent.
440 3624 505 3677 Vela
520 3637 569 3690 pro
582 3617 696 3671 restibus
710 3614 799 3669 sericis
814 3612 867 3666 dici
913 3624 969 3667 mat
987 3614 1055 3680 pede
1069 3612 1177 3678 gmcs'lr'‚
1211 3607 1247 3659 ita
1268 3623 1317 3658 uos
1340 3599 1422 3673 gracili

351 3704 486 3773 eleganter
494 3716 569 3769 posse
579 3712 635 3749 non
646 3704 730 3764 puto,
744 3691 805 3746 licet
815 3690 867 3743 itta
913 3695 994 3749 Musa
1001 3692 1111 3746 lusimus
1120 3706 1200 3742 :nam
1207 3688 1423 3740 etdedacerecur⁴
1467 3670 1472 3681 ⁶

351 3782 428 3837 fluxae
438 3788 525 3835 essent
537 3788 565 3830 et
575 3775 646 3829 laxa.
667 3772 761 3842 Quare
773 3779 867 3840 putem
892 3764 897 3777 '
913 3792 989 3837 m,
1007 3788 1061 3839 quo
1074 3768 1173 3822 Noster
1184 3781 1211 3831 ι,
1225 3764 1336 3817 Metam.
1348 3761 1380 3826 4,
1397 3762 1422 3806 et

350 3859 394 3913 hic
405 3855 579 3930 repetendam
596 3870 690 3907 vooem
702 3848 868 3918 exsequenti
914 3851 975 3906 alibi
985 3867 1054 3918 sape
1064 3846 1163 3911 utitur,
1177 3840 1291 3896 deducta
1298 3839 1423 3893 hiucme-

351 3940 499 4007 venusta,
513 3954 572 4005 quae
584 3931 680 4003 passim
691 3950 706 3983 a
716 3929 800 4000 poetis
809 3928 867 3981 Se·
913 3928 1043 3999 taphum,
1055 3923 1164 3978 dietuun
1175 3920 1275 3974 Banu.

351 4018 424 4071 ribus
437 4014 628 4069 adscribuntur.
640 4011 740 4065 Bonos.
752 4034 787 4048 -
802 4010 867 4061 Vela
947 4008 971 4060 8.
981 4008 1145 4071 Nectitopus.
1161 3997 1288 4054 I'esr'tvel
1296 3997 1422 4048 aestima·

351 4095 396 4151 hie
405 4112 454 4165 pro
465 4092 561 4146 vellera
573 4100 728 4162 ponuntur,
745 4104 793 4141 seu
805 4088 868 4139 lana
913 4087 984 4143 lebat
995 4085 1059 4137 olim
1069 4081 1212 4136 Heinsius:
1223 4074 1320 4132 deinde
1329 4090 1388 4127 curn
1397 4070 1423 4121 in

353 4178 454 4236 mollis,
472 4188 524 4240 qua
535 4188 626 4223 canere
637 4166 796 4237 AEthiopum
811 4184 868 4217 ne-
915 4164 1094 4220 Ambrosiauo
1121 4159 1262 4230 reperisset
1273 4158 1370 4223 fingit,
1389 4147 1422 4200 it-

355 4271 431 4307 mora
442 4249 512 4307 cauit
523 4248 597 4316 Virg.
608 4246 705 4317 Georg.
718 4260 751 4312 11,
765 4263 828 4312 ¹²⁰3
841 4254 868 4298 et
913 4245 960 4301 tud
973 4241 1088 4315 praetulit
1101 4264 1110 4307 ;
1127 4249 1155 4293 et
1172 4241 1208 4293 ita
1219 4234 1301 4291 codex
1312 4232 1414 4285 Dousoe.
