3009 5000
310 464 377 551 314
585 472 624 535 P.
653 469 842 571 ovlntt
871 472 1112 543 NASONIS

358 606 544 709 Impositos
560 627 660 685 vento
678 610 786 711 panda
804 613 915 689 carina
927 613 1029 689 vehit.
1180 676 1186 683 .
1344 646 1395 713 tn.

308 727 394 800 Nam
411 723 512 798 modo
526 725 684 801 Threicio
703 730 833 817 Borea,
846 729 950 805 modo
968 732 1134 809 currimus
1152 736 1269 810 Euro:

359 841 453 942 Saepe
469 859 600 917 tument
617 844 773 947 Zephyro
793 842 913 935 lintea,
928 874 1017 949 saepe
1031 850 1137 924 Noto.

309 956 472 1057 Adspice,
487 978 526 1033 ut
542 960 578 1033 in
596 989 698 1037 curru
714 963 819 1037 modo
842 964 899 1038 det
913 963 1080 1041 fluitantia
1095 984 1210 1043 rector
1309 1038 1312 1043 .

357 1076 461 1162 Lora;
479 1076 581 1151 modo
599 1078 765 1155 admissos
782 1100 852 1157 arte
868 1098 1012 1157 retentet
1029 1112 1146 1186 equos.

310 1188 398 1263 Sunt
415 1191 540 1292 quibus
557 1195 686 1289 ingrate
704 1197 820 1271 timida
837 1197 1048 1295 indulgentia
1065 1199 1185 1289 servit,
1346 1224 1398 1294 ⁴³⁵

359 1310 420 1396 Et,
437 1308 466 1383 si
484 1309 576 1387 nulla
594 1312 713 1387 subest
725 1314 864 1404 emula,
880 1314 1017 1411 languet
1033 1345 1136 1399 anaor.

309 1426 497 1503 Luxuriant
512 1430 614 1504 animi
630 1431 731 1507 rebus
748 1431 949 1535 plerumque
966 1434 1124 1510 secundis
1137 1466 1146 1523 ;

359 1544 428 1617 Nec
445 1545 540 1620 facile
558 1564 609 1621 cst
625 1577 718 1650 aequa
735 1550 913 1626 ¹commoda
928 1568 1041 1625 mente
1054 1552 1135 1652 pati.

310 1658 361 1730 Ut
376 1656 474 1749 levis,
491 1662 655 1737 absumtis
672 1664 834 1765 paulatim
849 1667 1001 1756 viribus,
1018 1665 1108 1761 iguis

359 1777 437 1877 lpse
454 1774 553 1866 latet,
572 1808 703 1855 summo
720 1780 839 1877 candet
855 1783 891 1855 in
908 1782 986 1879 igne
1004 1782 1108 1871 cinis;
1347 1808 1398 1874 tte

311 1891 377 1967 Sed
395 1911 503 1968 tamen
520 1896 700 1986 extinctas,
720 1898 858 1974 admoto
877 1895 1022 1989 sulfure,
1036 1898 1182 1974 flammas

358 2018 510 2107 Invenit;
526 2036 559 2092 et
575 2017 706 2110 lumen,
723 2021 816 2123 quod
833 2022 1008 2112 saltante,
1025 2023 1133 2097 redit:

310 2139 382 2229 Sic,
397 2140 458 2215 ubi
474 2142 571 2245 pigra
589 2145 675 2233 situ,
694 2174 876 2249 securaque
894 2163 1034 2248 pectora
1053 2162 1209 2249 torpent,

356 2263 502 2339 Acribus
519 2283 569 2341 est
586 2268 730 2343 stimulis
750 2268 934 2343 eliciendus
952 2265 1075 2366 amoc.⁸

306 2384 335 2458 F
335 2414 372 2460 ae
390 2386 504 2462 timeat
521 2388 563 2463 de
580 2408 632 2479 te,
647 2391 862 2493 tepidamque
879 2390 1038 2467 recalface
1054 2408 1219 2467 mentem:
1346 2412 1395 2479 445·

355 2512 483 2588 Palleat
496 2515 622 2589 indicio
642 2516 791 2590 criminis
808 2517 865 2593 illa
883 2517 942 2590 tui.

309 2635 342 2708 O
361 2653 493 2735 quater,
512 2655 546 2710 et
563 2639 696 2739 quoties
711 2668 851 2716 numero
868 2637 1107 2742 comprendere
1122 2666 1196 2711 non
1216 2654 1289 2725 est,

341 2853 398 2920 43⁰·
415 2855 559 2923 Imposilos.
578 2856 784 2925 Ambrosianus,
796 2863 824 2912 e’u
873 2877 970 2911 summo
980 2861 1028 2925 qui
1035 2858 1115 2919 calet,
1128 2855 1178 2907 sed
1184 2856 1270 2919 calet,
1279 2871 1340 2907 cuue
1351 2873 1395 2907 ce·

304 2941 401 3000 portus.
424 2934 496 2989 Nihil
519 2945 612 2990 muta:
625 2957 673 3008 per
692 2943 825 3007 impositos
873 2937 927 3000 tet,
950 2941 997 3005 qui
1015 2939 1094 2996 latet,
1112 2943 1140 2986 et
1157 2931 1260 2987 curtilia.
1280 2931 1394 2998 Scribe,

308 3012 824 3087 enimintelligitvectoree,etproprium
873 3008 1326 3081 sumnocuuetr'uiguecr'urffliuc
1335 3031 1395 3083 pas·

308 3101 348 3145 est
363 3093 402 3146 rei
417 3095 529 3148 nautica
547 3095 660 3148 verbum
679 3101 820 3165 iteponere,
874 3091 925 3147 eim
938 3092 1008 3162 apud
1018 3095 1199 3162 poetae,ee'e1‘s
1207 3109 1304 3155 caus,
1314 3103 1344 3145 et
1344 3091 1394 3160 se·

308 3191 362 3242 quo
374 3183 488 3226 utuntur
494 3175 656 3245 simpliciter,
665 3193 720 3229 non
732 3175 823 3230 addito
872 3175 935 3226 ailla
945 3190 1014 3223 curra
1025 3170 1160 3224 dicuntur.
1173 3169 1329 3223 Hmnsrus.

306 3267 375 3319 saepe
384 3257 451 3314 naui,
459 3252 544 3320 veliti
556 3253 744 3322 ueremtquale
753 3251 824 3323 gloe-
905 3251 962 3316 441.
975 3251 1089 3303 Admota
1099 3249 1203 3316 sulfure.
1216 3247 1298 3301 Unus
1313 3248 1392 3302 Pate·

307 3347 380 3382 sema
389 3331 487 3398 ejecite
498 3328 635 3386 Ciceronis
643 3333 721 3386 Verr.
728 3347 769 3400 tv,
781 3351 822 3397 ro,
871 3328 972 3394 vinus,
996 3347 1116 3393 earcere,
1136 3323 1207 3380 unde
1231 3325 1392 3396 conjiciebat

306 3407 825 3480 celeberrimnsGruviuetPeristos‚quu
872 3405 936 3459 olim
954 3405 1101 3468 Heinsiue3
1119 3412 1206 3459 amoto
1225 3423 1332 3458 carcere
1345 3416 1393 3460 :ut

307 3491 411 3541 volebat
431 3492 499 3543 clam
517 3489 680 3560 imponenda
694 3530 701 3557 ,
726 3495 825 3545 occulte
871 3503 964 3539 carcer
972 3484 1005 3537 eit
1016 3487 1089 3546 critis,
1101 3501 1116 3536 a
1128 3501 1182 3552 quo
1192 3482 1261 3553 ignis
1271 3483 1392 3537 οδιωω

307 3569 466 3632 exportanda
475 3571 587 3620 curabat.
599 3565 699 3622 Burtnr.
872 3573 900 3617 et
911 3561 1118 3632 inclususzquod
1127 3572 1216 3615 tamen
1224 3570 1347 3629 erg-tun
1355 3562 1392 3616 ni·

341 3643 399 3711 432.
416 3643 487 3712 Saepe
498 3652 601 3698 tumeret.
612 3645 677 3699 Non
689 3645 822 3698 malelle-
871 3641 1038 3696 missatenrr!
1049 3639 1272 3708 Adaeolofhuuiue
1278 3639 1391 3710 Neapol.

307 3720 380 3790 gius,
397 3741 464 3791 sepe
482 3725 572 3776 dumus
582 3743 590 3775 .·
601 3733 631 3776 nt
650 3735 683 3796 τῷ
701 3728 823 3778 cuminus
871 3722 927 3776 Pro
931 3723 1063 3789 flammas,
1073 3722 1155 3772 tedes
1162 3717 1276 3771 habebut
1287 3718 1391 3788 Argeu-

307 3802 457 3855 eonveniat.
871 3801 1029 3856 ttnensie-
1041 3801 1136 3869 lnepte
1147 3798 1253 3863 omnia,
1267 3815 1322 3851 uec
1331 3815 1389 3867 qne

339 3879 397 3947 437.
415 3883 569 3950 Plerumque.
581 3881 737 3950 Quandoque
748 3879 822 3933 Line.
871 3887 959 3934 tanton
970 3879 1040 3932 viros
1050 3878 1092 3931 vel
1101 3878 1221 3947 proferre
1232 3875 1373 3929 deminuet.

308 3965 336 4010 et
348 3955 479 4010 Mentelii.
904 3959 962 4026 444.
975 3958 1135 4010 'Eiicienda
1152 3953 1267 4010 Plurimi
1278 3953 1386 4023 scripti,

340 4035 398 4100 440.
416 4035 515 4089 niumm
527 4038 659 4090 cordelin
675 4041 733 4104 iffae
747 4039 821 4089 ciuis.
871 4039 1025 4090 alliciendus
1034 4055 1043 4087 r
1053 4033 1100 4088 sed
1111 4034 1212 4087 nonita
1224 4031 1345 4086 feliciter.

307 4111 336 4166 Si
357 4117 438 4170 cr'rrrt.
454 4115 590 4182 quomodo
609 4116 716 4178 candel,
734 4112 823 4184 inquit
904 4117 960 4184 447.
981 4117 1387 4183 Oquuuteueetquott'esmero

307 4191 401 4244 Heius.
419 4192 450 4244 In
464 4192 548 4263 Regio
559 4202 587 4246 et
604 4212 659 4246 uno
672 4195 821 4259 Vaticano,
870 4195 1101 4259 comprenderenou
1109 4193 1282 4247 eefflle'cen.
1294 4191 1386 4258 09η-

307 4273 385 4334 calet,
405 4281 498 4325 contra
516 4281 633 4326 metrum
651 4291 657 4326 :
675 4271 747 4326 unde
760 4271 821 4341 alii,
871 4279 911 4324 ter
922 4271 1021 4340 Regius
1032 4288 1094 4324 rum
1104 4278 1219 4338 quatuor
1230 4267 1386 4322 aliittrerte.
