3009 5000
309 448 545 519 Auouuu
573 457 627 522 11.
661 455 806 526 nnnc.
836 455 908 526 lx.
1088 486 1150 555 109

137 577 333 672 Tangentem
350 597 471 681 portus
484 601 603 659 ventus
621 587 657 662 in
673 586 740 663 alta
756 590 865 691 rapit:
972 659 976 665 .

98 689 202 766 Sicine
219 721 304 796 saepe
323 698 425 774 refert
442 700 567 776 incerta
586 704 766 805 Cupidinis
782 735 880 793 aura,

136 809 280 911 Notaque
296 841 486 915 purpureus
504 816 569 892 tela
585 821 724 898 resumit
739 824 855 896 Amor.

96 923 176 1019 fige,
193 955 291 1028 puer3
310 931 431 1031 positis
449 933 560 1008 nudus
577 935 639 1009 tibi
657 938 811 1039 pmbeor
824 938 934 1012 armis.
1110 937 1151 1017 '35

136 1041 193 1114 Hic
208 1043 270 1116 tibi
285 1045 354 1119 sint
368 1047 471 1136 vires,
485 1049 540 1122 hic
558 1067 615 1126 tua
631 1053 745 1128 dextra
761 1053 851 1128 facit

95 1159 175 1246 Huc,
193 1175 350 1261 tauquam
363 1163 478 1262 jussu,
498 1167 638 1242 veniunt
652 1170 720 1267 jam
738 1187 859 1271 sponte
873 1159 1006 1268 'sagitta
1020 1203 1029 1245 :

135 1275 194 1348 t'ix
209 1275 293 1365 illis,
312 1307 379 1380 prae
393 1310 465 1370 me,
485 1300 565 1357 nota
582 1283 738 1383 pharetra
755 1314 817 1360 aua
834 1305 894 1362 est.

94 1388 215 1480 Infelix,
235 1411 308 1469 tota
324 1398 525 1500 quicumque
542 1399 709 1501 quiescere
723 1421 823 1478 nocte

135 1505 294 1597 Sustinet,
311 1529 346 1584 et
361 1541 498 1589 somnos
514 1517 649 1616 praemia
664 1546 786 1612 magna
799 1521 916 1592 vocat!
1119 1533 1153 1602 to

95 1617 205 1708 Stulte,
224 1625 306 1725 quid
323 1644 374 1701 est
392 1657 547 1720 somnus,
567 1629 683 1726 gelidae
698 1633 765 1705 nisi
779 1634 898 1706 mortis
915 1631 1050 1726 imago?

134 1739 245 1835 Longa
265 1743 458 1842 quiescendi
476 1765 627 1849 tempora
643 1747 710 1824 sata
725 1748 865 1824 dabunt.

96 1849 144 1924 tte
158 1855 255 1929 modo
275 1857 443 1961 decipiant
459 1891 558 1937 voces
576 1860 702 1937 fallacis
719 1865 853 1940 amicae:

134 1968 303 2070 Sperando
322 1993 409 2050 certe
427 1976 547 2072 gaudia
563 2007 681 2074 magna
698 1980 810 2056 seram.

94 2085 133 2157 Et
145 2085 245 2160 modo
260 2089 442 2176 blanditias
460 2093 564 2183 dicat,
582 2095 685 2170 modo
702 2097 813 2196 jurgia
829 2115 973 2198 quaerat,
1123 2121 1156 2186 45

118 2267 154 2322 32.
177 2273 332 2340 Tanqenlem
348 2283 441 2342 portus
461 2283 551 2332 ventus
564 2283 592 2330 iu
641 2282 747 2330 vencien!
758 2297 768 2344 ,·
789 2295 841 2331 nec
862 2286 977 2331 noscunt
1000 2277 1152 2347 pharetram

92 2349 140 2398 alta
156 2355 230 2416 mpr'l.
253 2353 351 2404 Ventus
374 2360 403 2405 e!
424 2375 505 2421 aura,
524 2376 593 2410 unus
641 2377 716 2410 airam
727 2397 734 2422 ,
747 2356 794 2410 sed
806 2359 1022 2426 quotiescumque
1033 2367 1063 2410 tn
1073 2358 1155 2410 sumis

92 2421 189 2480 Mureti.
202 2430 300 2482 Ventus
310 2437 339 2482 et
348 2435 429 2494 unda,
445 2433 511 2487 alter
522 2436 594 2505 ejus·
642 2456 723 2489 novas
733 2436 855 2507 sagittas,
874 2445 905 2489 ut
922 2436 1051 2507 pharetra
1063 2437 1155 2490 inciu-

90 2502 159 2568 dem;
176 2518 203 2561 et
215 2507 322 2562 videtur
334 2509 389 2563 baec
402 2510 478 2565 iectio
492 2512 593 2567 firmari
643 2514 698 2583 das,
707 2515 813 2567 evolant
822 2536 836 2568 e
846 2514 978 2581 manibus,
987 2516 1156 2585 quaaijusse,

90 2602 115 2634 ex
127 2583 174 2655 Ep.
186 2602 251 2654 xxx,
268 2590 297 2653 4¹
314 2588 379 2642 :aed
392 2609 446 2642 non
460 2602 519 2661 apte
531 2592 594 2647 huic.
643 2594 670 2646 in
684 2614 736 2647 me.
758 2593 851 2663 Quare
864 2598 913 2647 buc
924 2593 1115 2659 retinendum,
1128 2606 1156 2647 et

88 2658 274 2719 iococonvenit
291 2686 298 2721 ε
316 2668 463 2737 namqnod
474 2672 594 2739 nequitur
642 2671 794 2741 eleganter,
819 2678 904 2725 wna‘m
927 2679 955 2724 a'n
977 2675 1104 2741 aliquem,
1126 2684 1156 2726 ut

87 2744 191 2797 verbum
209 2746 305 2814 refert,
325 2749 468 2818 opponitur
486 2750 549 2819 ittts,
566 2757 594 2806 r'u
642 2748 772 2817 ludatur,
794 2750 844 2804 dici
866 2750 982 2805 ostendit
1005 2751 1099 2805 Burin.
1122 2751 1156 2804 ad

86 2826 135 2874 alta
146 2830 223 2891 rapit.
245 2824 352 2893 Referri
359 2826 432 2879 enim
441 2829 594 2899 navigantes
644 2826 789 2880 Phaedrum
803 2844 829 2894 1,
843 2828 906 2881 Fab·
918 2850 957 2881 ²¹⁴

86 2898 222 2968 dicuntur,
237 2922 322 2973 quum
330 2904 356 2957 in
370 2905 453 2959 altum
462 2911 592 2977 provecti,
677 2907 717 2972 4ι.
733 2908 827 2959 Mortis
836 2912 928 2974 imago.
946 2908 1037 2959 Nocte}
1052 2926 1155 2977 perpe-

86 2980 236 3037 adversante
249 2996 347 3053 vento,
361 2986 401 3038 vel
414 2986 465 3039 atio
478 3008 538 3042 casu
550 3008 595 3043 re·
643 3001 702 3035 ram
715 2982 769 3036 duo
778 2984 845 3036 libri.
859 2984 914 3037 Cic.
924 2984 1001 3037 Tusc.
1015 2983 1116 3051 Queat.
1130 3002 1156 3037 1:

86 3058 134 3115 dire
144 3063 593 3133 coguntureomndesolverunulu.
645 3082 658 3105 e
673 3060 763 3114 Hebes
770 3080 906 3127 somnum,
916 3068 1051 3128 imaginem
1058 3068 1154 3122 monn,

113 3140 150 3208 34.
168 3144 296 3209 Notaque.
314 3140 442 3196 Francius
461 3144 593 3199 malebat:
644 3156 756 3207 eamque
779 3139 896 3207 quotidie
914 3138 1015 3205 induis,
1034 3149 1061 3191 et
1073 3138 1155 3191 dubi-

85 3218 183 3273 lap-qn
193 3223 304 3261 continuus
315 3223 353 3259 ut·
366 3223 447 3259 munti
460 3222 529 3261 Aaou.
645 3228 693 3281 tas,
705 3218 769 3285 quin
780 3217 904 3269 ansusin
916 3226 1002 3268 morte
1013 3216 1100 3269 nullus
1108 3218 1155 3284 sit,

85 3293 155 3363 Quid
171 3316 229 3351 uon
243 3317 310 3367 opus
322 3307 410 3351 totum
424 3296 560 3369 refingat?
644 3314 727 3365 quum
740 3296 768 3349 in
781 3296 838 3364 ejus
850 3294 990 3349 simulacro
1002 3294 1089 3348 videas
1101 3315 1156 3349 esse

112 3372 150 3425 dd
165 3376 220 3427 Hic
232 3382 278 3426 tua
289 3377 382 3426 dextra
382 3374 462 3443 sarcit.
473 3374 594 3445 Uterque
643 3374 747 3427 nullum
765 3394 872 3428 sensum
885 3374 897 3427 ?
912 3397 924 3419 υ
939 3375 1058 3426 Valerius
1076 3375 1156 3429 Flac-

84 3446 218 3507 Masseian.
231 3456 325 3505 dextra
337 3456 422 3505 valet:
431 3472 500 3507 vere.
515 3452 595 3509 Cloe.
644 3472 705 3519 cus,
719 3468 786 3512 vm,
802 3454 833 3523 74
844 3493 852 3519 ,
865 3452 897 3505 ad
910 3452 1043 3508 Somnum
1056 3472 1063 3504 τ

84 3526 176 3583 Malim
187 3570 194 3596 ,
207 3534 259 3585 huc
265 3532 355 3598 sacc'l,
379 3542 406 3583 et
417 3571 424 3597 ,
437 3537 492 3583 si'nl
503 3538 569 3585 ui'res
583 3548 593 3595 ,·
643 3536 830 3585 nunu-gemunt
838 3533 1155 3587 mmsmuqunimtttmteeo.

84 3606 151 3673 wod
162 3610 294 3679 posterius
306 3610 333 3662 in
345 3610 430 3679 prima
440 3609 556 3664 editione
569 3620 595 3663 et
645 3609 759 3679 Egregie
769 3611 877 3663 Petron.
886 3628 893 3661 ε
903 3630 916 3653 α
927 3607 980 3659 Hic
993 3626 1084 3677 graves
1095 3606 1158 3661 aiios

85 3680 295 3756 duobusscrtptts
305 3698 387 3741 exstat
398 3688 595 3757 exemplaribus.
645 3706 721 3741 mero
740 3688 897 3751 obtruncat,
924 3696 952 3739 et
974 3687 1112 3739 continuat
1127 3685 1157 3738 in

115 3763 155 3816 38.
173 3768 349 3819 mittitete.
363 3766 455 3818 Donza
465 3766 595 3833 malebat,
644 3778 763 3819 mortem
772 3766 899 3819 nltimam.
913 3788 938 3810 ν·

88 3842 139 3893 Vt:
155 3846 265 3913 ulle'pm
281 3864 322 3896 mc
338 3850 401 3896 nola
410 3848 532 3912 pharetra
551 3852 597 3897 tua
679 3848 718 3911 44.
734 3846 839 3897 Gaudia
848 3842 1037 3911 magnasieram.
1047 3843 1078 3895 ln
1088 3844 1158 3898 anti·

90 3925 131 3970 est.
140 3920 199 3974 Nec
210 3923 290 3976 etiam
302 3933 373 3977 curet
383 3942 429 3975 sua
441 3942 537 3977 venere
547 3924 596 3977 iec-
646 3924 703 3992 quis
712 3928 831 3989 pmm'a.
846 3941 900 3973 uon
912 3925 1014 3987 gaudia
1030 3922 1157 3975 mancino

93 3997 291 4054 tioSniveriani
303 4001 415 4068 codicis,
439 4004 483 4071 qni
496 4002 594 4068 habet,
646 4002 718 4054 hunc
730 4010 928 4070 pentametrum
948 4001 1097 4068 parenthesi
1109 4002 1157 4054 in-

98 4075 144 4127 Vr't
154 4082 208 4131 illis
221 4092 277 4149 post
289 4100 332 4133 me
345 4086 407 4132 nota
414 4074 536 4147 phdretra
549 4100 597 4132 sua
645 4080 784 4133 eludebat:
797 4097 851 4131 nou
863 4078 940 4130 maie.

96 4160 133 4203 est
143 4174 149 4205 :
161 4168 296 4226 postquam
308 4159 336 4210 in
350 4176 393 4210 me
407 4168 451 4211 tua
464 4158 515 4213 teia
526 4176 597 4211 cou-
680 4162 719 4226 45.
730 4162 822 4226 Jnr51'a
831 4164 925 4211 nectat.
938 4159 1012 4227 Quin
1025 4171 1095 4213 recte
1108 4159 1158 4211 h'oc.

99 4228 540 4307 iicerecoepiati,spouteetlussaiu
553 4254 596 4291 me
646 4248 673 4293 et
692 4238 772 4291 latine
793 4237 911 4304 dicatur,
932 4236 997 4296 nihil
1017 4238 1110 4302 dubii,
1131 4246 1158 4289 et
