3009 5000
331 517 373 582 33
526 553 530 562 -
580 451 590 472 ¹
619 513 659 578 Ρ.
685 511 866 580 OVIDII
893 509 1118 580 NASONIS

373 655 462 740 Aut,
480 651 509 726 si
526 651 693 726 rusticitas
711 679 782 724 non
798 666 903 737 vetat,
921 650 995 752 ipsa
1011 668 1117 745 rogat

312 778 397 852 -Has
415 803 565 876 quoquc,
587 803 668 876 quas
686 774 809 848 frontis
825 801 925 868 rugas
943 772 978 847 in
994 773 1115 847 vertice
1132 791 1265 875 portas,
1370 795 1404 865 45

375 903 503 974 Excute
517 929 525 971 τ
539 897 579 972 de
598 898 691 993 rugis
709 896 847 970 crimina
864 895 970 970 multa
984 895 1112 970 cadent.

326 1021 494 1124 Penelope
509 1023 668 1121 juvenum
686 1021 772 1096 vires
791 1019 941 1094 tentabat
959 1019 994 1092 in
1012 1048 1111 1093 arcu:

375 1147 446 1244 Qui
464 1145 551 1221 latus
570 1162 738 1242 argueret,
758 1171 900 1218 corneus
918 1169 1013 1216 arcus
1031 1159 1111 1216 erat.

325 1269 468 1344 Labitur
486 1266 631 1356 occulte,
650 1265 802 1368 fallitque
820 1265 980 1340 volubilis
998 1283 1101 1354 aetas,

374 1394 423 1466 Ut
441 1389 527 1466 celer
544 1390 697 1464 admissis
714 1388 843 1464 labitur
859 1389 966 1463 minis
985 1388 1092 1489 aquis.

327 1515 408 1590 AEra
425 1515 535 1588 nitent
552 1543 616 1588 usu
631 1543 639 1586 :
656 1514 758 1588 vestis
775 1513 868 1587 bona
886 1511 1004 1613 quaerit
1019 1510 1157 1584 haberi:

377 1638 567 1711 Canescunt
584 1636 676 1736 turpi
694 1653 781 1710 tecta
796 1634 913 1709 relicta
924 1635 1003 1708 situ.

360 1855 400 1921 tt.
411 1855 633 1906 Autsirasticitas
640 1872 690 1908 nan
698 1859 776 1909 octat.
789 1853 842 1907 Uo
890 1854 936 1908 ubi
948 1852 1021 1907 idem
1032 1871 1121 1907 versus
1133 1873 1148 1906 a
1159 1852 1258 1909 Nostro
1269 1853 1388 1906 refertur
1401 1867 1408 1902 ε

324 1931 435 1985 banitati
446 1937 614 1984 rusticitatem
625 1932 735 2000 opponit
745 1931 842 1998 Quint.
891 1951 979 2002 neque
994 1941 1065 1986 certe
1084 1931 1154 1986 male
1175 1950 1183 1984 ε
1199 1942 1231 1985 ut
1248 1941 1356 1986 maneat
1376 1931 1405 1983 in

326 2026 371 2076 vr,
385 2009 401 2062 3
413 2031 419 2063 ι
432 2009 478 2064 sed
489 2030 521 2064 eo
530 2029 608 2064 sensu
619 2010 662 2063 hic
675 2009 840 2081 accipienda,
891 2012 1087 2082 comparatione
1100 2012 1132 2064 ab
1150 2031 1218 2080 aqua
1229 2021 1257 2064 et
1272 2010 1405 2080 flumine,

328 2107 381 2157 quo
393 2090 447 2158 jam
462 2088 575 2142 vidimus
590 2089 671 2160 Epist.
686 2105 764 2156 xvlt,
781 2089 841 2143 186:
891 2108 950 2158 quc
961 2089 1095 2143 familiaris
1106 2090 1206 2144 Nostro
1217 2099 1245 2143 et
1255 2088 1317 2142 aliis.

325 2171 472 2222 Bustaaitas
484 2171 705 2232 excitandam,
722 2186 771 2237 pro
784 2169 842 2220 im·
924 2171 965 2221 51.
976 2171 1040 2220 AEm
1050 2173 1135 2222 us'tcut
1143 2188 1198 2221 usu.
1211 2169 1278 2222 Hac
1288 2177 1407 2237 quatuor

326 2245 419 2315 peritia
440 2245 654 2316 elegantiarum,
682 2245 842 2316 negligentia
891 2246 1120 2300 carminanullum
1128 2246 1405 2301 habentocdinemin

326 2324 368 2378 vel
381 2325 462 2377 etiam
474 2323 536 2377 odio
548 2325 720 2393 voluptatum.
784 2365 790 2378 .
890 2324 1406 2395 censudignumNasonisingenio.Hinc

358 2407 398 2471 45.
416 2407 474 2456 Has
491 2421 670 2472 quoquequas.
686 2403 780 2471 Quid,
801 2402 841 2470 ai,
891 2420 941 2473 ego
964 2402 1038 2456 sacile
1060 2402 1219 2457 crediderim
1247 2403 1406 2471 transposita

327 2482 439 2535 minima
451 2483 613 2549 mutatione,
628 2482 744 2552 legamus
755 2501 761 2533 :
891 2500 962 2545 esse3
972 2482 1018 2551 qui
1026 2502 1102 2536 error
1108 2482 1159 2537 latit
1171 2481 1302 2537 increbuit
1313 2480 1342 2535 in
1353 2502 1408 2535 an·

328 2570 842 2623 ltnequoqne,quufrontismgninrertirapottut,
891 2559 1028 2628 liquorum
1039 2560 1125 2614 libris·
1138 2580 1321 2631 sepenumero
1329 2563 1406 2615 enlm

352 2645 624 2695 Eleute3dorugitarininu
631 2644 694 2681 multu
704 2643 791 2682 aderat?
891 2636 1032 2703 videmm,
1051 2638 1169 2692 carmina
1188 2658 1247 2708 que
1264 2638 1338 2708 80qu
1354 2639 1408 2693 de-

328 2720 389 2772 Hoc
397 2737 476 2772 sensu
486 2736 492 2770 :
503 2717 632 2783 examina,
642 2736 739 2787 quaeso,
748 2717 795 2771 has
802 2727 844 2771 te-
890 2714 981 2784 beam,
988 2716 1157 2771 librariorum
1163 2718 1264 2772 inscitia
1271 2736 1326 2771 esse
1334 2736 1409 2787 pre-

328 2798 404 2851 tricas
422 2808 448 2850 et
467 2814 561 2868 rugosa
582 2797 670 2850 fronte
688 2807 842 2865 matronas,
891 2794 981 2863 posita.
992 2794 1053 2849 Hoc
1065 2796 1145 2865 igitur
1156 2794 1250 2849 ordine
1262 2794 1409 2848 abOvidio

328 2894 387 2945 quae
404 2876 549 2929 castitatem
566 2874 626 2928 ficta
637 2875 776 2928 serentate
789 2893 844 2945 prae
891 2872 980 2927 relicta
987 2872 1044 2928 hec
1052 2873 1170 2927 camina
1182 2872 1408 2927 existimaverim:

328 2974 356 3007 se
365 2953 455 3006 serunt
465 2974 472 3017 ;
483 2951 581 3006 videbis
591 2952 678 3007 exiliis
687 2952 748 3021 ipsis
756 2955 842 3023 rugis,
890 2963 970 3012 romu,
977 2964 1015 3001 atsi
1023 2963 1124 3012 ὠιὶιω,
1132 2961 1409 3009 „nummio-mete:

329 3032 378 3086 sub
386 3031 481 3101 quibus
489 3050 561 3084 nunc
570 3030 665 3093 latent,
677 3031 783 3101 prodire
792 3034 846 3087 cui-
916 3036 1026 3075 stmmt
1035 3037 1089 3088 turpi
1099 3044 1149 3075 Μ’·
1159 3037 1226 3075 ”¹⁵⁰³
1233 3036 1281 3074 ’5¹¹¹-

330 3110 404 3163 mina
416 3109 507 3162 multa.
518 3110 646 3163 Excutere
653 3110 727 3163 enim
736 3121 776 3164 est
783 3131 839 3165 exa·
891 3110 1068 3158 AEr‘¹¹³¹‘¹¹²¹⁸¹¹¹·
1078 3108 1365 3162 '‘⁵¹⁵¹120ffltffl41bl’ffl2

328 3188 449 3250 mlss31'83
467 3196 494 3240 et
513 3186 585 3241 hunc
601 3196 666 3257 puto
681 3206 734 3241 egge
753 3189 845 3242 poem
914 3186 958 3226 Nec
965 3186 1100 3225 utiuffeoim
1108 3186 1408 3229 mundibrium-MAI·

328 3283 451 3329 sensum,
462 3265 589 3318 namlena
599 3266 653 3334 jam
660 3275 844 3335 praeceptasua
891 3264 994 3319 -Mihi
999 3266 1162 3319 omniabene
1172 3286 1200 3320 se
1209 3264 1305 3319 habere
1314 3265 1410 3320 viden·

326 3343 453 3412 exemplis
461 3342 623 3411 Penelopes,
638 3343 786 3397 castissimae
793 3342 845 3397 sci·
890 3357 950 3412 tur,
964 3356 992 3398 et
1001 3346 1063 3399 satis
1069 3345 1201 3400 cohaerere
1212 3364 1218 3399 ε
1230 3346 1317 3415 primo
1329 3346 1410 3400 enim

329 3422 390 3475 licet
404 3431 548 3487 matrona,
558 3419 704 3472 illustrabit.
891 3441 922 3475 ea
931 3423 1085 3493 conjungit,
1094 3442 1156 3476 cuna
1168 3423 1262 3492 quibus
1268 3432 1410 3491 comparat

361 3501 399 3567 48.
422 3502 474 3564 (tui
490 3501 559 3550 tatus
579 3504 697 3564 arguerat
713 3508 761 3550 etc.
781 3498 845 3552 Non
883 3500 1012 3568 soram,
1023 3512 1123 3563 utera,
1134 3507 1243 3563 uestem,
1254 3501 1410 3568 etiam,·

329 3600 359 3633 ea
369 3588 459 3631 mente
471 3574 605 3645 Penelope
615 3576 740 3628 Ulireum
754 3596 845 3631 arcum
892 3576 988 3631 deinde
998 3579 1113 3631 sormam
1124 3579 1205 3632 etiam
1215 3588 1309 3648 sponte
1318 3596 1411 3631 senes·

328 3658 414 3729 procis
422 3653 741 3724 tendendumproposuit,
749 3655 844 3727 Odysn
892 3677 962 3719 cere,
981 3658 1070 3711 sinon
1086 3664 1251 3722 exerceatur,
1269 3674 1359 3725 neque
1373 3657 1410 3709 ad

328 3747 358 3802 Φ,
374 3737 425 3801 68,
440 3745 470 3787 ut
482 3744 613 3803 quantum
632 3737 753 3786 talaribus
768 3734 845 3787 vale-
892 3756 952 3789 eam
964 3735 1138 3789 exercendam
1154 3754 1230 3789 uuum
1241 3746 1287 3789 aut
1296 3739 1412 3789 attema

327 3822 398 3879 rent,
411 3812 576 3882 experiretur
586 3834 592 3872 ς
606 3810 652 3863 sed
665 3830 722 3863 rem
736 3811 772 3863 ita
782 3829 846 3879 per-
891 3813 1011 3867 sufficere
1021 3852 1029 3880 ,
1041 3812 1088 3867 sed
1098 3813 1186 3882 plures
1197 3832 1254 3867 esse
1264 3814 1411 3865 admitten-

332 3892 385 3945 frde
395 3893 453 3944 lena
465 3890 630 3945 suoconsilio
642 3888 832 3945 accommodat.
892 3895 945 3944 dos.
961 3892 1061 3945 Bunn.
1082 3919 1117 3932 -
1137 3892 1224 3945 Vestis
1239 3893 1413 3960 toaaquaen't

358 3971 397 4041 49.
416 3970 531 4023 Labitur
539 3972 650 4030 occulte,
663 3970 787 4038 satiatqae
799 3987 847 4020 uo·
892 3972 986 4021 haberi
1004 3970 1103 4023 Sensus
1115 3979 1155 4023 est
1167 3984 1175 4017 τ
1188 3966 1259 4039 quod
1271 3968 1321 4022 nisi
1333 3976 1411 4022 ceste

323 4050 407 4099 iatitts
418 4053 499 4111 atas,
518 4048 556 4100 Ut
566 4051 636 4101 ceter
645 4050 767 4099 admissis
779 4049 847 4098 tabi-
892 4051 958 4100 baua
969 4048 1067 4114 utaris,
1086 4067 1102 4101 a
1113 4047 1190 4101 tineis
1202 4057 1230 4100 et
1240 4047 1330 4119 mattis
1343 4064 1410 4100 cor-

323 4132 461 4179 turamais
471 4132 551 4195 aquit.
565 4129 598 4180 ln
610 4129 694 4199 Regio
704 4140 731 4182 et
743 4126 846 4180 duobus
891 4126 1021 4181 nodetur:
1037 4124 1264 4196 quemadmodum
1278 4144 1313 4177 as
1323 4124 1410 4178 rubi-

321 4205 392 4272 aliis,
405 4208 545 4258 volatilis:
557 4225 615 4276 quae
631 4205 725 4259 cadem
738 4205 845 4261 diversi·
893 4207 963 4276 gine,
969 4216 996 4259 et
1001 4205 1146 4259 domussitu
1151 4213 1274 4274 pereunt,
1283 4214 1322 4257 est
1329 4204 1410 4257 enim

321 4296 360 4339 tas
372 4286 525 4341 observatur
540 4284 583 4340 lib.
597 4304 630 4355 x,
645 4286 756 4339 Metam.
771 4288 821 4357 ⁵¹9
836 4300 844 4351 ;
892 4284 1040 4349 hictaberi,
1054 4284 1084 4337 in
1092 4301 1142 4337 usu
1152 4300 1225 4349 esse,
1236 4279 1339 4335 tractari
1352 4290 1410 4335 etc.
