3009 5000
337 435 397 500 192
610 410 649 474 e.
688 377 1123 480 ov1n11nason1s

374 550 499 626 Tristia
515 576 592 624 cnm
610 577 733 644 magno
752 549 873 625 damna
887 549 1018 652 pudore
1038 550 1111 625 tuli.

325 671 422 743 Hanc
438 668 537 742 etiam
552 694 625 740 non
641 683 694 741 est
709 693 783 741 mea
801 665 980 764 dedignata
992 664 1106 770 puella

373 782 527 858 Molliter
542 781 679 859 admota
695 781 875 858 sollicitare
893 811 1012 872 mauu;

324 899 392 974 Sed
406 918 586 1002 postquam
605 897 716 974 nullas
735 927 938 997 consurgere
955 927 1056 1002 posse
1071 926 1133 1000 per
1149 915 1256 988 artes,
1375 915 1411 986 ⁷⁵

372 1019 670 1118 immemoremque
688 1017 742 1091 sui
758 1018 1000 1118 procubuisse,
1016 1017 1126 1104 viden

325 1133 420 1231 Quid
435 1163 488 1209 me
505 1133 614 1222 ludis,
633 1133 703 1208 ait?
720 1134 797 1234 quis
818 1151 870 1222 te,
887 1133 972 1210 male
990 1161 1089 1225 sane,
1104 1132 1247 1234 jubebat

263 1275 266 1278 ’
373 1251 521 1324 Invitum
535 1267 656 1325 nostro
675 1277 802 1352 ponere
818 1251 966 1326 membra
986 1251 1092 1325 toro?

324 1368 396 1442 Aut
411 1386 445 1442 tc
461 1366 607 1466 trajectis
624 1367 716 1441 AEaea
731 1365 876 1440 venefica
892 1365 979 1442 lanis

373 1486 542 1559 Devovet:
557 1500 616 1558 aut
632 1481 699 1556 alio
715 1482 824 1558 lassus
841 1511 953 1558 amore
969 1483 1074 1558 venis.

323 1603 395 1676 Nec
411 1628 507 1674 mora
520 1630 528 1673 :
543 1597 681 1673 desiluit
697 1599 811 1674 tunica
827 1597 934 1674 velata
951 1599 1117 1686 recincta3

373 1719 421 1790 Et
436 1716 550 1790 decuit
565 1715 679 1790 nudos
695 1716 905 1817 proripuisse
921 1715 1035 1817 pedes.

323 1836 414 1909 Neve
431 1861 500 1909 suae
515 1851 657 1936 possent
670 1834 829 1908 intactam
846 1833 930 1908 scire
947 1833 1125 1919 ministra,

372 1949 527 2026 Dedecus
543 1949 610 2025 hoc
627 1966 737 2024 sumta
753 1947 976 2024 dissimulavit
993 1975 1088 2049 aqua.

324 2150 446 2205 Francos.
459 2148 583 2204 Scriverii
593 2160 620 2204 et
629 2148 685 2202 duo
694 2148 736 2202 alii
748 2163 755 2197 :
766 2147 838 2218 quod
886 2151 977 2218 afim
985 2145 1032 2201 sed
1039 2146 1120 2204 ΕΜ,
1132 2159 1181 2214 pro
1190 2139 1325 2207 Colchica,
1334 2139 1405 2194 hem

324 2231 427 2286 admitti
440 2240 527 2301 poscet
544 2247 685 2296 escensu,
700 2248 753 2298 quo
770 2228 839 2282 vidi·
887 2223 1018 2279 sehabet.
1032 2222 1135 2275 Hune,

323 2329 383 2364 mus
390 2309 435 2364 lib.
445 2325 469 2362 11
479 2335 493 2375 ,·
503 2308 597 2362 Amor.
607 2325 640 2376 x,
657 2307 704 2371 25;
717 2305 764 2360 sed
774 2317 839 2360 nuuc
921 2303 961 2356 81.
975 2303 1030 2354 Nec
1039 2318 1109 2352 mora
1119 2318 1127 2351 .-
1137 2298 1257 2351 le'ssclsi‘t.
1269 2294 1347 2362 lmo,
1360 2297 1405 2347 de·

324 2385 567 2456 distinguendum:
587 2385 638 2438 Per
653 2391 678 2437 te
696 2385 814 2451 deceptas
831 2402 839 2435 .·
887 2383 972 2442 siluit,
984 2389 1014 2432 ut
1024 2378 1101 2446 estin
1112 2374 1263 2430 melioribus
1275 2373 1327 2427 :de
1335 2373 1405 2426 lecto

322 2461 426 2535 inernies
442 2464 538 2516 Tn'ste'a
547 2471 597 2516 etc.
608 2463 660 2514 cult
666 2471 714 2515 :et
726 2461 763 2514 ita
774 2459 839 2513 vul-
889 2455 1016 2512 videlicet.
1042 2455 1086 2511 Sic
1102 2471 1181 2525 supra
1193 2451 1284 2524 Elegia
1299 2449 1403 2524 prima,

325 2550 385 2612 gata
397 2539 475 2594 lectio
486 2537 571 2593 videri
584 2548 673 2609 posset
685 2539 798 2591 formata
808 2556 840 2591 ex
889 2533 922 2589 de
937 2534 1058 2589 Corinna
1068 2532 1180 2587 itidem:

324 2617 404 2671 simili
415 2616 475 2670 loco
485 2616 579 2669 Amor.
590 2630 631 2681 11,
645 2632 680 2681 x,
695 2615 718 2669 3.
737 2614 839 2668 Bum-
887 2619 998 2671 Delabique
1007 2626 1050 2659 toro
1057 2616 1125 2657 timisa
1133 2613 1296 2655 volutamini..
1306 2610 1391 2653 unm.

361 2700 400 2766 75.
418 2700 576 2764 Consuqere.
600 2696 708 2749 Rectius
725 2696 794 2749 sorte
810 2695 839 2749 in
922 2697 962 2750 82.
978 2696 1142 2761 Pmnjeuisse.
1162 2691 1271 2762 legitur
1285 2701 1312 2744 et
1327 2708 1404 2759 pre-

325 2772 508 2843 manuscriptis
519 2772 709 2841 exemplaribus
723 2772 837 2843 legitur,
887 2776 994 2840 ripuim
1004 2787 1012 2819 .·
1024 2782 1169 2839 utrumque
1179 2778 1258 2822 recte.
1271 2766 1355 2819 Mun.

324 2868 468 2918 assurgere,
483 2848 511 2902 id
526 2860 565 2903 est
573 2854 659 2917 atteka
670 2848 750 2901 Mn.
767 2850 839 2902 Con-
921 2850 961 2916 84,
975 2852 1094 2903 Dedecus
1106 2850 1155 2901 hoc
1165 2854 1250 2901 sauata
1261 2856 1311 2901 etc.
1330 2844 1403 2901 Nihil

324 2946 436 2995 surgere,
452 2924 582 2980 meliores.
590 2927 744 2994 Euergetis,
755 2924 839 2978 sonti.
888 2927 1000 2981 omnino
1014 2925 1045 2980 ad
1059 2924 1128 2981 hanc
1143 2926 1253 2995 elegiam
1262 2923 1402 2977 adnuun-

361 3026 400 3081 79
409 3005 838 3061 Laneunxoenuiomenimduas
888 3007 953 3061 dum
963 3004 1402 3073 existimavi,sivesensus,sivemo·

324 3083 472 3155 imagines,
486 3084 585 3137 calana
593 3083 719 3150 alteram,
728 3082 839 3136 alteram
887 3104 948 3139 rum
961 3094 1088 3155 respectu.
1101 3082 1200 3139 Sensus
1213 3082 1311 3155 quippe
1323 3082 1400 3149 satis,

326 3183 357 3217 ex
369 3181 429 3217 cera
439 3162 575 3233 lingebant
585 3180 591 3215 :
602 3161 679 3215 lanea
690 3161 777 3229 major
786 3178 838 3213 ce·
887 3179 922 3215 ne
940 3162 1055 3215 nimium
1073 3160 1177 3229 dicam,
1198 3162 1291 3215 obvius
1305 3180 1312 3213 :
1329 3160 1400 3231 qnod

325 3260 401 3295 ream
418 3240 547 3311 urgebam
571 3258 648 3294 cerea
668 3250 759 3294 autem
781 3248 837 3293 tota
886 3258 951 3293 vero
968 3238 1000 3293 ad
1014 3258 1103 3293 mores
1118 3249 1234 3310 spectat,
1255 3240 1344 3293 tenuit
1356 3256 1398 3291 me

325 3320 423 3373 acubm
430 3316 509 3371 infixa
520 3317 553 3371 ad
564 3318 655 3388 ignem
663 3314 836 3386 liquescebat,
886 3318 985 3390 pudor,
1000 3320 1046 3389 qui
1058 3319 1141 3373 veniit
1155 3318 1218 3372 olim
1235 3338 1270 3373 ne
1286 3316 1398 3389 Quinti-

324 3400 354 3453 in
366 3402 438 3471 ejus,
458 3398 504 3469 qui
514 3397 692 3451 devovebatur
702 3437 710 3465 ,
722 3414 837 3467 poenam.
885 3398 970 3453 liunus
980 3401 1113 3455 Horatium
1120 3404 1149 3452 c'ae
1157 3401 1306 3469 quidusdam
1314 3398 1397 3453 inter-

325 3508 360 3523 ·-
369 3481 512 3551 Perperam
522 3478 599 3533 multi
605 3477 716 3547 codices,
728 3478 837 3531 Evase-
886 3486 1042 3547 precaretur.
1055 3476 1140 3535 instit
1151 3490 1176 3543 1,
1192 3478 1230 3543 ¹¹l·

739 3780 979 3807 aun-n*—
