3009 5000
283 472 351 560 aao
405 538 411 551 ,
551 478 591 542 r.
630 476 814 545 ovrnn
842 476 1068 551 uasoms

330 613 424 691 Celet
440 615 550 689 Athos
562 644 571 703 ;
585 613 692 691 cultas
709 616 796 691 altus
813 618 954 693 babebit
969 620 1088 695 Athos.
1317 650 1354 702 30

280 732 343 805 Est
360 731 458 806 etiam
472 730 636 832 placuisse
653 733 719 807 sibi
738 750 984 835 quotacumque
1001 734 1180 837 voluptas:

328 847 528 941 Virginibus
542 848 635 922 cordi
652 867 811 951 grataque
828 850 935 925 forma
948 879 1008 926 sua
1020 870 1081 927 est.

280 963 446 1039 Laudatas
462 964 592 1039 homini
610 964 755 1044 volueris
769 967 917 1041 Juuonia
934 996 1061 1068 pennas

329 1079 499 1182 Explicat,
514 1098 549 1155 et
563 1081 671 1157 forma
682 1100 776 1157 muta
793 1084 948 1184 superbit
964 1086 1045 1159 avis.

282 1196 338 1271 Sic
354 1196 470 1297 potius
484 1224 550 1270 nos
564 1214 641 1271 uret
657 1226 770 1285 amor,
789 1228 889 1301 quarn
906 1199 1052 1276 sortibus
1069 1202 1203 1293 herbis,
1319 1228 1353 1280 ss

298 1320 313 1335 ⁶
331 1312 426 1410 Quas
437 1340 535 1409 maga
552 1312 695 1387 terribili
712 1315 868 1389 subsecat
884 1334 954 1391 arte
971 1346 1099 1393 manus.

279 1432 348 1504 Nec
366 1456 427 1501 vos
443 1428 667 1522 graminibus,
683 1456 745 1504 uec
758 1430 862 1505 mixto
881 1431 1005 1507 credite
1024 1462 1142 1508 succo:

328 1542 399 1619 Nec
416 1561 540 1619 tentate
556 1573 683 1619 nocens
697 1546 790 1621 virus
806 1549 947 1621 amantis
965 1577 1069 1650 equae.

279 1663 348 1735 Nec
365 1658 481 1733 mediae
498 1660 621 1733 Marsis
638 1659 812 1735 finduntur
829 1662 982 1769 cantibus
1001 1692 1125 1761 angues
1139 1693 1147 1753 ;

329 1778 399 1851 Nec
414 1774 503 1850 redit
517 1774 676 1851 insontes
691 1777 782 1853 unda
798 1778 918 1879 supina
935 1808 1025 1855 suos,

280 1896 327 1967 Et
343 1892 493 1993 quamvis
510 1890 631 1993 aliquis
647 1894 813 1969 Temesaea
831 1895 1007 1969 removerit
1025 1924 1106 1985 aera,

329 2011 510 2111 Nunquam
526 2012 623 2084 Luna
637 2010 708 2085 suis
726 2012 912 2090 excutietur
929 2012 1035 2113 equis.

280 2239 329 2291 pro
340 2217 537 2285 omumuude,
544 2224 653 2285 paratus
660 2237 708 2287 pro
715 2222 793 2273 cultu.
841 2222 961 2291 optarim.
974 2222 1060 2274 Vocat
1071 2230 1160 2275 autem
1172 2226 1267 2272 ιιιιΙιιιιι
1281 2220 1349 2289 (opi-

282 2298 436 2368 Propertins
446 2296 514 2349 libro
527 2296 572 2363 ll,
585 2296 658 2366 Eleg.
672 2312 752 2350 xxxv:
840 2296 1064 2368 norlpoeta,non
1076 2298 1171 2369 quiaiu
1181 2308 1267 2351 totum
1278 2310 1350 2351 muta

223 2385 226 2389 ’
305 2380 685 2433 xruptumtstqmpmepme
840 2377 946 2444 sit,sed
959 2377 1029 2449 quod
1041 2388 1149 2431 cantum
1163 2376 1267 2429 nullum
1279 2376 1349 2443 edat,

281 2454 324 2508 De
336 2460 429 2507 venatu
439 2458 533 2507 amoris
543 2450 603 2506 alibi
615 2451 723 2507 dictum.
735 2454 791 2506 vi·
840 2455 884 2511 sed
903 2468 1007 2512 tantum
1028 2456 1193 2510 inconditum
1208 2454 1351 2525 quemdam

283 2534 371 2587 derint
382 2533 524 2586 acutiores:
533 2533 664 2602 egoenim
674 2533 716 2586 bie
726 2532 791 2586 milri
840 2545 867 2587 et
883 2554 994 2589 raucum
1013 2535 1163 2588 clamorem.
1183 2535 1219 2587 Et
1234 2533 1298 2604 quid
1309 2576 1315 2588 .
1328 2535 1349 2588 si

280 2613 322 2664 vix
337 2611 471 2664 satisfacio.
485 2612 586 2664 Hms.
595 2639 630 2650 -
640 2611 770 2682 Legerem
781 2651 789 2679 ,
839 2613 1000 2682 stultategas.
1009 2632 1056 2682 pro
1063 2615 1159 2665 mulla?
1166 2612 1269 2665 lrltcxt..
1276 2610 1352 2664 lderu

279 2689 366 2760 iuquit
378 2689 550 2741 Burmannus
562 2707 569 2740 ε
838 2689 882 2743 lib.
893 2691 967 2743 Matr.
976 2698 1053 2743 cautu
1062 2695 1179 2758 superbit
1192 2690 1268 2742 Alter
1278 2709 1351 2754 vero,

278 2779 316 2818 Per
325 2791 345 2816 se
353 2791 435 2831 quoqne
442 2786 496 2829 purat
505 2791 555 2826 ,nec
564 2791 604 2830 quo
612 2785 694 2816 venetur
703 2789 778 2816 omum
839 2775 909 2821 mula
919 2787 926 2819 .'
934 2785 988 2820 1011
1000 2767 1125 2836 tllspllcel.
1135 2765 1214 2820 (ῙΙΟΡ.
1231 2767 1281 2819 Alli
1290 2771 1351 2820 mul·

301 2851 382 2890 huon
391 2864 397 2891 τ
405 2851 506 2890 nundine
514 2851 659 2912 episimon·
670 2857 751 2889 Μ’·
839 2853 880 2914 la,
891 2846 931 2900 alii
943 2850 1040 2900 stultu:
1052 2847 1117 2899 milri
1130 2847 1351 2917 simplicissimum

279 2925 340 2979 Hoc
346 2943 440 2992 seusu,
449 2942 613 2994 unaquaque
625 2925 681 2978 sine
694 2943 744 2994 ope
753 2923 790 2977 al·
838 2923 960 2991 videtur,
973 2921 1044 2994 quod
1065 2925 1200 2979 Palatinus
1216 2925 1295 2979 habet
1307 2965 1315 2991 ,
1327 2932 1355 2978 et

279 3003 361 3058 terius
373 3014 418 3057 aut
427 3001 537 3057 consilio
548 3003 590 3055 illa
598 3014 686 3073 parat,
696 3003 791 3071 quibus
831 3001 919 3068 fhrma
929 3006 988 3056 laeta
999 3005 1112 3070 superbe?
1119 3009 1183 3055 aris.
1193 3003 1227 3055 Ι).
1235 3005 1335 3057 Hxxns.

277 3102 305 3136 se
319 3082 388 3135 viros
400 3099 492 3151 rapere
508 3098 582 3150 posse
596 3091 689 3150 putat,
702 3099 790 3149 neque
871 3081 911 3133 35.
934 3083 985 3134 Vos
1003 3087 1063 3134 uret.
1085 3079 1155 3149 bego
1173 3099 1204 3133 ex
1221 3082 1350 3150 antiquo-

278 3175 369 3216 tameu
378 3163 463 3232 palam
476 3180 530 3231 prae
541 3181 568 3214 se
578 3161 645 3228 sert,
654 3159 790 3230 quomodo
838 3177 900 3211 rum
908 3157 1028 3212 codicum
1038 3161 1192 3224 autoritate,
1202 3162 1352 3228 Noslaaffe!

277 3251 406 3306 venetur,
418 3238 463 3292 sed
472 3239 531 3294 solis
542 3237 679 3292 munditiis
689 3237 716 3291 id
730 3237 792 3291 essi-
838 3255 926 3288 amor:
938 3247 966 3288 nt
977 3237 1009 3290 sit
1020 3255 1127 3289 seusus:
1138 3236 1237 3290 facilius
1248 3255 1298 3290 noa
1310 3239 1349 3289 vi-

277 3319 328 3384 cit,
342 3318 437 3390 quibns
448 3317 514 3370 nibil
530 3337 637 3386 peccare
651 3315 790 3370 sibivide-
839 3335 881 3370 ros
898 3317 925 3369 iu
947 3336 1066 3370 amorem
1085 3327 1202 3370 restrum
1224 3317 1346 3384 trahetis,

278 3408 330 3450 tur.
341 3397 403 3450 Hoc
414 3398 469 3466 jam
479 3393 616 3466 sequeutia
628 3393 732 3448 docent.
839 3395 911 3449 cultu
924 3395 1056 3466 corporis,
1070 3413 1148 3464 quam
1162 3393 1269 3464 magieis
1280 3395 1347 3448 arti-

311 3473 746 3545 31.Quaecumquc.Commentator
755 3473 791 3527 le·
839 3475 894 3528 bus.
908 3473 987 3527 Man.
1000 3474 1096 3544 Scripti
1108 3493 1169 3527 cum
1189 3474 1274 3542 prima
1286 3472 1348 3526 edi·-

278 3553 330 3625 gie,
342 3553 504 3622 Cuicumque,
513 3553 705 3622 pr0,0mnibus
714 3553 791 3622 puel·
839 3553 927 3620 tione,
943 3560 1014 3621 urge!
1028 3574 1037 3606 .·
1053 3567 1121 3606 uuus
1141 3551 1347 3620 Ambrosianus,

278 3633 322 3685 lis:
331 3649 390 3700 quae
398 3629 550 3683 emendatio
561 3632 639 3700 paulo
649 3630 741 3683 durior
749 3629 789 3684 ri-
839 3649 884 3682 ναι
896 3637 958 3684 uret.
970 3630 1038 3700 Lege
1049 3632 1227 3698 ,Hr'ncpotr‘us
1236 3649 1282 3682 ros
1292 3636 1349 3682 um!

277 3708 363 3762 detur.
378 3709 436 3778 Ego
447 3726 511 3761 vero
523 3709 628 3769 malim,
641 3710 790 3773 Ouolucum·
838 3711 925 3764 Amor.
937 3711 1194 3764 Heras-normas
1204 3713 1294 3763 tersrt.
1305 3710 1348 3763 Ti·

277 3808 345 3853 que:
359 3797 389 3840 ut
403 3786 436 3840 sit
447 3805 538 3840 sensus
551 3807 558 3840 ι
572 3785 619 3839 Eat
636 3787 715 3838 etiam
726 3805 791 3855 quo·
837 3789 890 3842 bul.
905 3790 931 3855 l,
945 3805 987 3854 lx,
1004 3809 1031 3858 ιγ
1047 3808 1052 3840 :
1060 3791 1214 3856 pollentibus
1226 3791 1316 3840 lerdis.

276 3875 424 3936 lacumque,
440 3867 491 3920 hoc
503 3876 554 3933 est,
565 3865 651 3936 aliqua
661 3865 789 3936 voluptas,
840 3857 847 3872 '
870 3868 910 3940 39.
921 3869 1185 3921 mudanturcarauus
1193 3887 1296 3933 angues.
1306 3864 1349 3920 Ci-

277 3947 402 4015 placuisse
412 3947 459 4000 sibi
472 3957 520 4001 etc.
535 3947 639 4000 chxt..
838 3944 939 3999 tatbaec
950 3944 1133 3998 Charisiuslib.
1141 3945 1163 4012 l,
1173 3945 1199 3997 in
1207 3945 1289 3998 serbo
1296 3945 1348 3998 Au·

311 4024 352 4090 34.
363 4025 439 4078 Mula
449 4028 629 4092 superbs'laur‘s.
640 4023 672 4076 ln
682 4024 790 4092 quibus·
834 4029 893 4092 μὴ
900 4046 908 4076 ,·
916 4026 972 4092 ejus
983 4023 1062 4076 verba
1073 4033 1147 4077 sunt:
1155 4026 1268 4092 Anguis.
1275 4043 1348 4092 quun

279 4099 341 4156 dam
363 4103 552 4174 exemplaribus
574 4103 687 4174 legitur,
710 4107 791 4156 mulla
836 4105 1349 4169 silmascul1s1·5eaere's‚ditaturum

278 4189 353 4248 arist
372 4183 418 4236 sed
434 4185 506 4254 prior
525 4185 603 4237 lectio
621 4183 687 4236 mibi
708 4183 790 4253 magis
836 4189 864 4236 el
866 4182 990 4250 semr'utlxr'
994 4224 1000 4246 ,
1014 4193 1043 4235 ut
1052 4182 1272 4236 Tibullnstlrale
1284 4184 1349 4234 deli-

280 4261 424 4334 probatur,
437 4263 540 4316 tametsi
557 4272 584 4315 et
602 4281 632 4316 ea
650 4262 788 4316 meliorem
837 4265 1027 4330 relangurb;,et
1038 4261 1150 4316 Ovidius
1160 4281 1165 4315 :
1175 4263 1268 4316 Meuri-
1274 4263 1349 4315 Mar-
