<?xml version="1.0" encoding="UTF-8"?>
<!DOCTYPE html PUBLIC "-//W3C//DTD XHTML 1.0 Transitional//EN"
    "http://www.w3.org/TR/xhtml1/DTD/xhtml1-transitional.dtd">
<html xmlns="http://www.w3.org/1999/xhtml" xml:lang="en" lang="en">
 <head>
  <title>
</title>
<meta http-equiv="Content-Type" content="text/html;charset=utf-8" />
  <meta name='ocr-system' content='tesseract 3.04.00' />
  <meta name='ocr-capabilities' content='ocr_page ocr_carea ocr_par ocr_line ocrx_word'/>
</head>
<body>
  <div class='ocr_page' id='page_1' title='image "./publiiovidiinas03unkngoog/publiiovidiinas03unkngoog_0229.png"; bbox 0 0 3009 5000; ppageno 0'>
   <div class='ocr_carea' id='block_1_1' title="bbox 178 367 1084 438">
    <p class='ocr_par' dir='ltr' id='par_1_1' title="bbox 178 367 1084 438">
     <span class='ocr_line' id='line_1_1' title="bbox 178 367 1084 438; baseline 0.004 -4"><span class='ocrx_word' id='word_1_1' title='bbox 178 393 182 398; x_wconf 59' lang='lat'><strong><em>⁴</em></strong></span> <span class='ocrx_word' id='word_1_2' title='bbox 288 370 355 435; x_wconf 80' lang='lat' dir='ltr'><strong>atti</strong></span> <span class='ocrx_word' id='word_1_3' title='bbox 578 370 618 434; x_wconf 88' lang='lat' dir='ltr'><strong>P.</strong></span> <span class='ocrx_word' id='word_1_4' title='bbox 647 369 826 437; x_wconf 85' lang='lat' dir='ltr'>OVIDII</span> <span class='ocrx_word' id='word_1_5' title='bbox 851 367 1084 438; x_wconf 83' lang='lat' dir='ltr'><strong>NASONIS</strong></span> 
     </span>
    </p>
   </div>
   <div class='ocr_carea' id='block_1_2' title="bbox 284 507 1371 1427">
    <p class='ocr_par' dir='ltr' id='par_1_2' title="bbox 284 507 1371 1427">
     <span class='ocr_line' id='line_1_2' title="bbox 336 507 1012 610; baseline 0.003 -30"><span class='ocrx_word' id='word_1_6' title='bbox 336 510 457 584; x_wconf 90' lang='lat' dir='ltr'><strong>Victor</strong></span> <span class='ocrx_word' id='word_1_7' title='bbox 471 507 679 583; x_wconf 79' lang='lat' dir='ltr'>Abantiades</span> <span class='ocrx_word' id='word_1_8' title='bbox 695 507 773 583; x_wconf 92' lang='lat' dir='ltr'><strong>alite</strong></span> <span class='ocrx_word' id='word_1_9' title='bbox 790 509 897 584; x_wconf 86' lang='lat' dir='ltr'><strong>fertur</strong></span> <span class='ocrx_word' id='word_1_10' title='bbox 912 537 1012 610; x_wconf 84' lang='lat' dir='ltr'><strong>equo.</strong></span> 
     </span>
     <span class='ocr_line' id='line_1_3' title="bbox 284 625 1371 730; baseline 0.001 -28"><span class='ocrx_word' id='word_1_11' title='bbox 284 628 391 702; x_wconf 89' lang='lat' dir='ltr'><strong>Iidem</strong></span> <span class='ocrx_word' id='word_1_12' title='bbox 408 656 470 730; x_wconf 89' lang='lat' dir='ltr'><strong>per</strong></span> <span class='ocrx_word' id='word_1_13' title='bbox 486 626 632 728; x_wconf 89' lang='lat' dir='ltr'><strong>spatium</strong></span> <span class='ocrx_word' id='word_1_14' title='bbox 646 625 775 726; x_wconf 83' lang='lat' dir='ltr'><strong>Tityon</strong></span> <span class='ocrx_word' id='word_1_15' title='bbox 793 627 1005 727; x_wconf 84' lang='lat' dir='ltr'><strong>porreximus</strong></span> <span class='ocrx_word' id='word_1_16' title='bbox 1022 627 1143 722; x_wconf 80' lang='lat' dir='ltr'><strong>ingens</strong></span> <span class='ocrx_word' id='word_1_17' title='bbox 1158 658 1166 715; x_wconf 88' lang='lat'>;</span> <span class='ocrx_word' id='word_1_18' title='bbox 1339 653 1371 703; x_wconf 76' lang='lat'><strong>25</strong></span> 
     </span>
     <span class='ocr_line' id='line_1_4' title="bbox 335 741 1083 844; baseline -0.008 -24"><span class='ocrx_word' id='word_1_19' title='bbox 335 747 382 820; x_wconf 85' lang='lat' dir='ltr'><strong>Et</strong></span> <span class='ocrx_word' id='word_1_20' title='bbox 399 745 463 819; x_wconf 87' lang='lat' dir='ltr'><strong>tria</strong></span> <span class='ocrx_word' id='word_1_21' title='bbox 479 743 615 844; x_wconf 87' lang='lat' dir='ltr'><strong>vipereo</strong></span> <span class='ocrx_word' id='word_1_22' title='bbox 632 741 773 818; x_wconf 80' lang='lat' dir='ltr'>fecimus</span> <span class='ocrx_word' id='word_1_23' title='bbox 792 771 851 816; x_wconf 89' lang='lat' dir='ltr'><strong>ora</strong></span> <span class='ocrx_word' id='word_1_24' title='bbox 867 741 951 816; x_wconf 88' lang='lat' dir='ltr'><strong>cani.</strong></span> <span class='ocrx_word' id='word_1_25' title='bbox 1075 743 1083 764; x_wconf 84' lang='lat'>¹</span> 
     </span>
     <span class='ocr_line' id='line_1_5' title="bbox 285 855 1155 960; baseline -0.01 -22"><span class='ocrx_word' id='word_1_26' title='bbox 285 862 438 938; x_wconf 83' lang='lat' dir='ltr'>Fecimus</span> <span class='ocrx_word' id='word_1_27' title='bbox 455 860 660 936; x_wconf 81' lang='lat' dir='ltr'><strong>Enceladum</strong></span> <span class='ocrx_word' id='word_1_28' title='bbox 675 859 878 960; x_wconf 86' lang='lat' dir='ltr'><strong>jaculantem</strong></span> <span class='ocrx_word' id='word_1_29' title='bbox 895 855 986 932; x_wconf 90' lang='lat' dir='ltr'><strong>mille</strong></span> <span class='ocrx_word' id='word_1_30' title='bbox 1002 855 1155 944; x_wconf 69' lang='lat' dir='ltr'><strong>lacertis,</strong></span> 
     </span>
     <span class='ocr_line' id='line_1_6' title="bbox 335 975 1001 1079; baseline -0.006 -27"><span class='ocrx_word' id='word_1_31' title='bbox 335 978 514 1074; x_wconf 70' lang='lat' dir='ltr'><strong>Ambigua</strong></span> <span class='ocrx_word' id='word_1_32' title='bbox 530 996 647 1079; x_wconf 88' lang='lat' dir='ltr'><strong>captos</strong></span> <span class='ocrx_word' id='word_1_33' title='bbox 664 978 805 1074; x_wconf 75' lang='lat' dir='ltr'><strong>virginis</strong></span> <span class='ocrx_word' id='word_1_34' title='bbox 825 1005 882 1052; x_wconf 93' lang='lat' dir='ltr'><strong>ore</strong></span> <span class='ocrx_word' id='word_1_35' title='bbox 899 975 1001 1050; x_wconf 81' lang='lat' dir='ltr'><strong>viros.</strong></span> 
     </span>
     <span class='ocr_line' id='line_1_7' title="bbox 289 1094 1080 1171; baseline -0.006 -1"><span class='ocrx_word' id='word_1_36' title='bbox 289 1094 424 1170; x_wconf 88' lang='lat' dir='ltr'><strong>AEolios</strong></span> <span class='ocrx_word' id='word_1_37' title='bbox 442 1095 567 1170; x_wconf 88' lang='lat' dir='ltr'><strong>lthacis</strong></span> <span class='ocrx_word' id='word_1_38' title='bbox 581 1095 782 1171; x_wconf 86' lang='lat' dir='ltr'><strong>inclusimus</strong></span> <span class='ocrx_word' id='word_1_39' title='bbox 797 1095 934 1170; x_wconf 87' lang='lat' dir='ltr'><strong>utribus</strong></span> <span class='ocrx_word' id='word_1_40' title='bbox 947 1095 1080 1168; x_wconf 81' lang='lat' dir='ltr'><strong>Euros:</strong></span> 
     </span>
     <span class='ocr_line' id='line_1_8' title="bbox 336 1210 1073 1290; baseline -0.007 -3"><span class='ocrx_word' id='word_1_41' title='bbox 336 1211 499 1288; x_wconf 81' lang='lat' dir='ltr'>Proditor</span> <span class='ocrx_word' id='word_1_42' title='bbox 514 1213 551 1287; x_wconf 97' lang='lat' dir='ltr'><strong>in</strong></span> <span class='ocrx_word' id='word_1_43' title='bbox 567 1213 678 1290; x_wconf 90' lang='lat' dir='ltr'><strong>medio</strong></span> <span class='ocrx_word' id='word_1_44' title='bbox 695 1212 860 1290; x_wconf 79' lang='lat' dir='ltr'><strong>Tantalus</strong></span> <span class='ocrx_word' id='word_1_45' title='bbox 877 1239 974 1288; x_wconf 87' lang='lat' dir='ltr'><strong>amne</strong></span> <span class='ocrx_word' id='word_1_46' title='bbox 990 1210 1073 1285; x_wconf 88' lang='lat' dir='ltr'><strong>sitit.</strong></span> 
     </span>
     <span class='ocr_line' id='line_1_9' title="bbox 288 1327 1140 1427; baseline -0.004 -24"><span class='ocrx_word' id='word_1_47' title='bbox 288 1330 342 1405; x_wconf 87' lang='lat' dir='ltr'><strong>De</strong></span> <span class='ocrx_word' id='word_1_48' title='bbox 357 1328 468 1405; x_wconf 84' lang='lat' dir='ltr'><strong>Niobe</strong></span> <span class='ocrx_word' id='word_1_49' title='bbox 485 1327 629 1420; x_wconf 83' lang='lat' dir='ltr'><strong>silicem,</strong></span> <span class='ocrx_word' id='word_1_50' title='bbox 645 1328 685 1406; x_wconf 89' lang='lat' dir='ltr'><strong>de</strong></span> <span class='ocrx_word' id='word_1_51' title='bbox 702 1331 832 1427; x_wconf 80' lang='lat' dir='ltr'><strong>virgine</strong></span> <span class='ocrx_word' id='word_1_52' title='bbox 850 1329 991 1404; x_wconf 84' lang='lat' dir='ltr'><strong>fecimus</strong></span> <span class='ocrx_word' id='word_1_53' title='bbox 1006 1354 1140 1402; x_wconf 89' lang='lat' dir='ltr'><strong>ursam:</strong></span> 
     </span>
    </p>
   </div>
   <div class='ocr_carea' id='block_1_3' title="bbox 339 1444 1071 1549">
    <p class='ocr_par' dir='ltr' id='par_1_3' title="bbox 339 1444 1071 1549">
     <span class='ocr_line' id='line_1_10' title="bbox 339 1444 1071 1549; baseline -0.005 -28"><span class='ocrx_word' id='word_1_54' title='bbox 339 1448 498 1522; x_wconf 83' lang='lat' dir='ltr'><strong>Concinit</strong></span> <span class='ocrx_word' id='word_1_55' title='bbox 516 1447 701 1549; x_wconf 83' lang='lat' dir='ltr'><strong>Odrysium</strong></span> <span class='ocrx_word' id='word_1_56' title='bbox 717 1447 881 1549; x_wconf 83' lang='lat' dir='ltr'><strong>Cecropis</strong></span> <span class='ocrx_word' id='word_1_57' title='bbox 896 1444 965 1522; x_wconf 89' lang='lat' dir='ltr'><strong>ales</strong></span> <span class='ocrx_word' id='word_1_58' title='bbox 982 1446 1071 1546; x_wconf 69' lang='lat' dir='ltr'><strong>Ityn.</strong></span> 
     </span>
    </p>
   </div>
   <div class='ocr_carea' id='block_1_4' title="bbox 291 1627 1385 4246">
    <p class='ocr_par' dir='ltr' id='par_1_4' title="bbox 291 1627 1385 4246">
     <span class='ocr_line' id='line_1_11' title="bbox 291 1627 1377 1714; baseline -0.008 -23"><span class='ocrx_word' id='word_1_59' title='bbox 291 1655 333 1692; x_wconf 86' lang='lat' dir='ltr'><strong>sos</strong></span> <span class='ocrx_word' id='word_1_60' title='bbox 342 1637 403 1692; x_wconf 88' lang='lat' dir='ltr'><strong>:sed</strong></span> <span class='ocrx_word' id='word_1_61' title='bbox 412 1637 564 1693; x_wconf 69' lang='lat' dir='ltr'><strong>malentes</strong></span> <span class='ocrx_word' id='word_1_62' title='bbox 576 1654 641 1708; x_wconf 80' lang='lat' dir='ltr'><strong>rut,</strong></span> <span class='ocrx_word' id='word_1_63' title='bbox 651 1661 676 1714; x_wconf 80' lang='lat'><strong>9,</strong></span> <span class='ocrx_word' id='word_1_64' title='bbox 686 1638 808 1696; x_wconf 84' lang='lat' dir='ltr'><strong>deNiso:</strong></span> <span class='ocrx_word' id='word_1_65' title='bbox 858 1639 961 1708; x_wconf 78' lang='lat' dir='ltr'><strong>Pegaso</strong></span> <span class='ocrx_word' id='word_1_66' title='bbox 974 1651 1123 1702; x_wconf 79' lang='lat' dir='ltr'><strong>remeasse,</strong></span> <span class='ocrx_word' id='word_1_67' title='bbox 1137 1631 1183 1702; x_wconf 86' lang='lat' dir='ltr'><strong>qui</strong></span> <span class='ocrx_word' id='word_1_68' title='bbox 1190 1639 1284 1702; x_wconf 88' lang='lat' dir='ltr'><strong>postea</strong></span> <span class='ocrx_word' id='word_1_69' title='bbox 1296 1647 1311 1683; x_wconf 89' lang='lat' dir='ltr'><strong>a</strong></span> <span class='ocrx_word' id='word_1_70' title='bbox 1322 1627 1377 1682; x_wconf 83' lang='lat' dir='ltr'><strong>Diis</strong></span> 
     </span>
     <span class='ocr_line' id='line_1_12' title="bbox 291 1711 1347 1785; baseline -0.004 -19"><span class='ocrx_word' id='word_1_71' title='bbox 291 1727 459 1768; x_wconf 60' lang='lat' dir='ltr'><strong>tantumn.</strong></span> <span class='ocrx_word' id='word_1_72' title='bbox 467 1729 725 1782; x_wconf 55' lang='lat' dir='ltr'><strong>natantum-aa,</strong></span> <span class='ocrx_word' id='word_1_73' title='bbox 857 1719 952 1774; x_wconf 76' lang='lat' dir='ltr'><strong>mhsus</strong></span> <span class='ocrx_word' id='word_1_74' title='bbox 964 1728 1004 1772; x_wconf 83' lang='lat' dir='ltr'><strong>est</strong></span> <span class='ocrx_word' id='word_1_75' title='bbox 1016 1712 1226 1785; x_wconf 74' lang='lat' dir='ltr'><strong>Bellerophonti.</strong></span> <span class='ocrx_word' id='word_1_76' title='bbox 1244 1711 1347 1766; x_wconf 80' lang='lat' dir='ltr'><strong>Bonas.</strong></span> 
     </span>
     <span class='ocr_line' id='line_1_13' title="bbox 291 1798 1379 1867; baseline -0.006 -15"><span class='ocrx_word' id='word_1_77' title='bbox 291 1802 626 1854; x_wconf 60' lang='lat' dir='ltr'><strong>mutent-murmurati·</strong></span> <span class='ocrx_word' id='word_1_78' title='bbox 634 1805 697 1856; x_wconf 64' lang='lat' dir='ltr'><strong>resni·</strong></span> <span class='ocrx_word' id='word_1_79' title='bbox 709 1808 789 1845; x_wconf 74' lang='lat' dir='ltr'><strong>unna.</strong></span> <span class='ocrx_word' id='word_1_80' title='bbox 892 1803 932 1854; x_wconf 80' lang='lat'><strong>28.</strong></span> <span class='ocrx_word' id='word_1_81' title='bbox 951 1800 1086 1867; x_wconf 63' lang='lat' dir='ltr'><strong>Ambt&#39;guae</strong></span> <span class='ocrx_word' id='word_1_82' title='bbox 1101 1804 1191 1864; x_wconf 79' lang='lat' dir='ltr'><strong>captos</strong></span> <span class='ocrx_word' id='word_1_83' title='bbox 1207 1798 1319 1862; x_wconf 62' lang='lat' dir='ltr'><strong>vr&#39;rgr&#39;ais</strong></span> <span class='ocrx_word' id='word_1_84' title='bbox 1339 1812 1379 1846; x_wconf 82' lang='lat' dir='ltr'><strong>ore</strong></span> 
     </span>
     <span class='ocr_line' id='line_1_14' title="bbox 326 1871 1379 1945; baseline 0 -16"><span class='ocrx_word' id='word_1_85' title='bbox 326 1878 367 1942; x_wconf 77' lang='lat'><strong>24.</strong></span> <span class='ocrx_word' id='word_1_86' title='bbox 386 1879 474 1930; x_wconf 65' lang='lat' dir='ltr'><strong>metor</strong></span> <span class='ocrx_word' id='word_1_87' title='bbox 484 1879 646 1931; x_wconf 75' lang='lat' dir='ltr'><strong>Abantiades</strong></span> <span class='ocrx_word' id='word_1_88' title='bbox 657 1889 705 1932; x_wconf 81' lang='lat' dir='ltr'><strong>eto</strong></span> <span class='ocrx_word' id='word_1_89' title='bbox 725 1879 811 1933; x_wconf 83' lang='lat' dir='ltr'><strong>Hue-</strong></span> <span class='ocrx_word' id='word_1_90' title='bbox 859 1871 934 1936; x_wconf 70' lang='lat' dir='ltr'><strong>adron</strong></span> <span class='ocrx_word' id='word_1_91' title='bbox 947 1879 1050 1935; x_wconf 79' lang='lat' dir='ltr'><strong>Dubito</strong></span> <span class='ocrx_word' id='word_1_92' title='bbox 1059 1877 1146 1945; x_wconf 77' lang='lat' dir='ltr'><strong>valde,</strong></span> <span class='ocrx_word' id='word_1_93' title='bbox 1158 1875 1243 1933; x_wconf 87' lang='lat' dir='ltr'><strong>anhie</strong></span> <span class='ocrx_word' id='word_1_94' title='bbox 1254 1876 1300 1930; x_wconf 80' lang='lat' dir='ltr'><strong>vel</strong></span> <span class='ocrx_word' id='word_1_95' title='bbox 1309 1875 1379 1930; x_wconf 86' lang='lat' dir='ltr'><strong>Sire-</strong></span> 
     </span>
     <span class='ocr_line' id='line_1_15' title="bbox 293 1951 1379 2029; baseline 0.005 -25"><span class='ocrx_word' id='word_1_96' title='bbox 293 1951 380 2005; x_wconf 89' lang='lat' dir='ltr'><strong>tiusin</strong></span> <span class='ocrx_word' id='word_1_97' title='bbox 390 1952 461 2008; x_wconf 90' lang='lat' dir='ltr'><strong>notis</strong></span> <span class='ocrx_word' id='word_1_98' title='bbox 469 1953 503 2006; x_wconf 83' lang='lat' dir='ltr'><strong>ad</strong></span> <span class='ocrx_word' id='word_1_99' title='bbox 510 1953 708 2024; x_wconf 83' lang='lat' dir='ltr'><strong>Epigrammata</strong></span> <span class='ocrx_word' id='word_1_100' title='bbox 717 1955 811 2010; x_wconf 77' lang='lat' dir='ltr'><strong>Graeca</strong></span> <span class='ocrx_word' id='word_1_101' title='bbox 859 1981 920 2028; x_wconf 84' lang='lat' dir='ltr'><strong>nes,</strong></span> <span class='ocrx_word' id='word_1_102' title='bbox 933 1961 976 2016; x_wconf 84' lang='lat' dir='ltr'><strong>vel</strong></span> <span class='ocrx_word' id='word_1_103' title='bbox 987 1958 1065 2014; x_wconf 80' lang='lat' dir='ltr'><strong>Circe</strong></span> <span class='ocrx_word' id='word_1_104' title='bbox 1077 1957 1188 2029; x_wconf 76' lang='lat' dir='ltr'><strong>intelligi</strong></span> <span class='ocrx_word' id='word_1_105' title='bbox 1200 1956 1338 2023; x_wconf 87' lang='lat' dir='ltr'><strong>debeant,</strong></span> <span class='ocrx_word' id='word_1_106' title='bbox 1351 1965 1379 2008; x_wconf 83' lang='lat' dir='ltr'><strong>ut</strong></span> 
     </span>
     <span class='ocr_line' id='line_1_16' title="bbox 293 2032 1380 2114; baseline 0.001 -26"><span class='ocrx_word' id='word_1_107' title='bbox 293 2032 339 2089; x_wconf 91' lang='lat' dir='ltr'><strong>lib.</strong></span> <span class='ocrx_word' id='word_1_108' title='bbox 358 2052 386 2101; x_wconf 88' lang='lat' dir='ltr'><strong>t,</strong></span> <span class='ocrx_word' id='word_1_109' title='bbox 406 2055 464 2106; x_wconf 85' lang='lat' dir='ltr'><strong>pag.</strong></span> <span class='ocrx_word' id='word_1_110' title='bbox 483 2037 515 2103; x_wconf 78' lang='lat'><strong>3,</strong></span> <span class='ocrx_word' id='word_1_111' title='bbox 537 2050 612 2108; x_wconf 89' lang='lat' dir='ltr'><strong>putat</strong></span> <span class='ocrx_word' id='word_1_112' title='bbox 625 2037 755 2094; x_wconf 85' lang='lat' dir='ltr'><strong>Ovidium</strong></span> <span class='ocrx_word' id='word_1_113' title='bbox 769 2039 812 2096; x_wconf 91' lang='lat' dir='ltr'><strong>hic</strong></span> <span class='ocrx_word' id='word_1_114' title='bbox 859 2041 923 2096; x_wconf 81' lang='lat' dir='ltr'><strong>velit</strong></span> <span class='ocrx_word' id='word_1_115' title='bbox 934 2041 1066 2114; x_wconf 81' lang='lat' dir='ltr'><strong>Micyllus.</strong></span> <span class='ocrx_word' id='word_1_116' title='bbox 1086 2037 1167 2093; x_wconf 86' lang='lat' dir='ltr'><strong>Certe</strong></span> <span class='ocrx_word' id='word_1_117' title='bbox 1182 2035 1285 2091; x_wconf 73' lang='lat' dir='ltr'><strong>Circen</strong></span> <span class='ocrx_word' id='word_1_118' title='bbox 1297 2039 1380 2104; x_wconf 62' lang='lat' dir='ltr'><strong>orisi-</strong></span> 
     </span>
     <span class='ocr_line' id='line_1_17' title="bbox 296 2117 1379 2190; baseline 0.006 -22"><span class='ocrx_word' id='word_1_119' title='bbox 296 2117 427 2170; x_wconf 86' lang='lat' dir='ltr'><strong>memoria</strong></span> <span class='ocrx_word' id='word_1_120' title='bbox 440 2117 558 2188; x_wconf 84' lang='lat' dir='ltr'><strong>lapsum,</strong></span> <span class='ocrx_word' id='word_1_121' title='bbox 571 2121 742 2174; x_wconf 70' lang='lat' dir='ltr'><strong>Abantrhdem</strong></span> <span class='ocrx_word' id='word_1_122' title='bbox 757 2139 811 2175; x_wconf 79' lang='lat' dir='ltr'><strong>ro-</strong></span> <span class='ocrx_word' id='word_1_123' title='bbox 862 2139 918 2174; x_wconf 80' lang='lat' dir='ltr'><strong>rem</strong></span> <span class='ocrx_word' id='word_1_124' title='bbox 930 2119 981 2174; x_wconf 85' lang='lat' dir='ltr'><strong>diei</strong></span> <span class='ocrx_word' id='word_1_125' title='bbox 993 2137 1067 2190; x_wconf 63' lang='lat' dir='ltr'><strong>pone</strong></span> <span class='ocrx_word' id='word_1_126' title='bbox 1075 2134 1131 2171; x_wconf 90' lang='lat' dir='ltr'><strong>non</strong></span> <span class='ocrx_word' id='word_1_127' title='bbox 1143 2127 1218 2187; x_wconf 82' lang='lat' dir='ltr'><strong>puto,</strong></span> <span class='ocrx_word' id='word_1_128' title='bbox 1231 2133 1304 2184; x_wconf 60' lang='lat' dir='ltr'><strong>quw,</strong></span> <span class='ocrx_word' id='word_1_129' title='bbox 1316 2121 1379 2167; x_wconf 60' lang='grc' dir='ltr'><strong>ΜΕ</strong></span> 
     </span>
     <span class='ocr_line' id='line_1_18' title="bbox 293 2192 1382 2268; baseline 0.001 -23"><span class='ocrx_word' id='word_1_130' title='bbox 293 2211 354 2246; x_wconf 86' lang='lat' dir='ltr'><strong>care</strong></span> <span class='ocrx_word' id='word_1_131' title='bbox 366 2192 617 2265; x_wconf 88' lang='lat' dir='ltr'><strong>Bellerophontem,</strong></span> <span class='ocrx_word' id='word_1_132' title='bbox 629 2217 714 2268; x_wconf 83' lang='lat' dir='ltr'><strong>qutun</strong></span> <span class='ocrx_word' id='word_1_133' title='bbox 724 2199 813 2254; x_wconf 89' lang='lat' dir='ltr'><strong>nullus</strong></span> <span class='ocrx_word' id='word_1_134' title='bbox 862 2199 975 2256; x_wconf 88' lang='lat' dir='ltr'><strong>Diodor.</strong></span> <span class='ocrx_word' id='word_1_135' title='bbox 986 2199 1031 2254; x_wconf 87' lang='lat' dir='ltr'><strong>lib.</strong></span> <span class='ocrx_word' id='word_1_136' title='bbox 1042 2215 1089 2264; x_wconf 85' lang='lat' dir='ltr'><strong>tv,</strong></span> <span class='ocrx_word' id='word_1_137' title='bbox 1102 2208 1186 2267; x_wconf 86' lang='lat' dir='ltr'><strong>nupta</strong></span> <span class='ocrx_word' id='word_1_138' title='bbox 1198 2206 1280 2249; x_wconf 88' lang='lat' dir='ltr'><strong>antea</strong></span> <span class='ocrx_word' id='word_1_139' title='bbox 1296 2195 1382 2248; x_wconf 86' lang='lat' dir='ltr'><strong>suerat</strong></span> 
     </span>
     <span class='ocr_line' id='line_1_19' title="bbox 297 2268 1380 2349; baseline 0.001 -23"><span class='ocrx_word' id='word_1_140' title='bbox 297 2272 368 2327; x_wconf 80' lang='lat' dir='ltr'><strong>Abas</strong></span> <span class='ocrx_word' id='word_1_141' title='bbox 379 2275 453 2328; x_wconf 92' lang='lat' dir='ltr'><strong>inter</strong></span> <span class='ocrx_word' id='word_1_142' title='bbox 464 2275 522 2344; x_wconf 80' lang='lat' dir='ltr'><strong>eius</strong></span> <span class='ocrx_word' id='word_1_143' title='bbox 533 2277 648 2346; x_wconf 84' lang='lat' dir='ltr'><strong>majores</strong></span> <span class='ocrx_word' id='word_1_144' title='bbox 659 2280 791 2333; x_wconf 85' lang='lat' dir='ltr'><strong>reseratur</strong></span> <span class='ocrx_word' id='word_1_145' title='bbox 804 2319 811 2346; x_wconf 85' lang='lat'><strong>,</strong></span> <span class='ocrx_word' id='word_1_146' title='bbox 863 2279 918 2349; x_wconf 78' lang='lat' dir='ltr'><strong>regi</strong></span> <span class='ocrx_word' id='word_1_147' title='bbox 941 2277 1144 2342; x_wconf 76' lang='lat' dir='ltr'><strong>Sarmatarum,</strong></span> <span class='ocrx_word' id='word_1_148' title='bbox 1163 2292 1217 2345; x_wconf 88' lang='lat' dir='ltr'><strong>quo</strong></span> <span class='ocrx_word' id='word_1_149' title='bbox 1233 2271 1335 2338; x_wconf 85' lang='lat' dir='ltr'><strong>occiso,</strong></span> <span class='ocrx_word' id='word_1_150' title='bbox 1354 2268 1380 2322; x_wconf 83' lang='lat' dir='ltr'><strong>in</strong></span> 
     </span>
     <span class='ocr_line' id='line_1_20' title="bbox 295 2353 1381 2430; baseline -0.005 -23"><span class='ocrx_word' id='word_1_151' title='bbox 295 2355 342 2408; x_wconf 84' lang='lat' dir='ltr'><strong>sed</strong></span> <span class='ocrx_word' id='word_1_152' title='bbox 354 2356 425 2409; x_wconf 93' lang='lat' dir='ltr'><strong>inter</strong></span> <span class='ocrx_word' id='word_1_153' title='bbox 435 2357 540 2411; x_wconf 86' lang='lat' dir='ltr'><strong>Persei:</strong></span> <span class='ocrx_word' id='word_1_154' title='bbox 553 2358 713 2428; x_wconf 87' lang='lat' dir='ltr'><strong>quianullus</strong></span> <span class='ocrx_word' id='word_1_155' title='bbox 722 2369 813 2430; x_wconf 89' lang='lat' dir='ltr'><strong>poeta-</strong></span> <span class='ocrx_word' id='word_1_156' title='bbox 863 2355 1087 2410; x_wconf 84' lang='lat' dir='ltr'><strong>ltaliamdemurn</strong></span> <span class='ocrx_word' id='word_1_157' title='bbox 1095 2353 1184 2418; x_wconf 81' lang='lat' dir='ltr'><strong>venit;</strong></span> <span class='ocrx_word' id='word_1_158' title='bbox 1197 2369 1248 2406; x_wconf 85' lang='lat' dir='ltr'><strong>uec</strong></span> <span class='ocrx_word' id='word_1_159' title='bbox 1257 2359 1315 2404; x_wconf 85' lang='lat' dir='ltr'><strong>tarn</strong></span> <span class='ocrx_word' id='word_1_160' title='bbox 1324 2367 1381 2416; x_wconf 80' lang='lat' dir='ltr'><strong>cap-</strong></span> 
     </span>
     <span class='ocr_line' id='line_1_21' title="bbox 296 2428 1382 2506; baseline -0.002 -22"><span class='ocrx_word' id='word_1_161' title='bbox 296 2451 359 2485; x_wconf 88' lang='lat' dir='ltr'><strong>rum</strong></span> <span class='ocrx_word' id='word_1_162' title='bbox 371 2433 502 2503; x_wconf 79' lang='lat' dir='ltr'><strong>Pegasum</strong></span> <span class='ocrx_word' id='word_1_163' title='bbox 514 2433 560 2488; x_wconf 83' lang='lat' dir='ltr'><strong>dat</strong></span> <span class='ocrx_word' id='word_1_164' title='bbox 572 2435 687 2504; x_wconf 69' lang='lat' dir='ltr'><strong>Perseo,</strong></span> <span class='ocrx_word' id='word_1_165' title='bbox 700 2436 746 2490; x_wconf 92' lang='lat' dir='ltr'><strong>sed</strong></span> <span class='ocrx_word' id='word_1_166' title='bbox 756 2455 814 2489; x_wconf 91' lang='lat' dir='ltr'><strong>om·</strong></span> <span class='ocrx_word' id='word_1_167' title='bbox 863 2444 904 2490; x_wconf 80' lang='lat' dir='ltr'><strong>tos</strong></span> <span class='ocrx_word' id='word_1_168' title='bbox 920 2437 1030 2506; x_wconf 82' lang='lat' dir='ltr'><strong>eJ&#39;usore</strong></span> <span class='ocrx_word' id='word_1_169' title='bbox 1044 2438 1127 2496; x_wconf 67' lang='lat' dir='ltr'><strong>arios,</strong></span> <span class='ocrx_word' id='word_1_170' title='bbox 1152 2451 1232 2505; x_wconf 84' lang='lat' dir='ltr'><strong>quam</strong></span> <span class='ocrx_word' id='word_1_171' title='bbox 1247 2428 1382 2485; x_wconf 79' lang='lat' dir='ltr'><strong>veneficiis</strong></span> 
     </span>
     <span class='ocr_line' id='line_1_22' title="bbox 297 2508 1383 2587; baseline 0.001 -25"><span class='ocrx_word' id='word_1_172' title='bbox 297 2530 346 2563; x_wconf 89' lang='lat' dir='ltr'><strong>nes</strong></span> <span class='ocrx_word' id='word_1_173' title='bbox 363 2525 419 2563; x_wconf 88' lang='lat' dir='ltr'><strong>uno</strong></span> <span class='ocrx_word' id='word_1_174' title='bbox 438 2530 485 2566; x_wconf 87' lang='lat' dir='ltr'><strong>ore</strong></span> <span class='ocrx_word' id='word_1_175' title='bbox 506 2512 717 2584; x_wconf 84' lang='lat' dir='ltr'><strong>Bellerophonti.</strong></span> <span class='ocrx_word' id='word_1_176' title='bbox 740 2514 815 2567; x_wconf 85' lang='lat' dir='ltr'><strong>Hinc</strong></span> <span class='ocrx_word' id='word_1_177' title='bbox 864 2536 953 2572; x_wconf 80' lang='lat' dir='ltr'><strong>versos</strong></span> <span class='ocrx_word' id='word_1_178' title='bbox 960 2516 988 2573; x_wconf 85' lang='lat' dir='ltr'><strong>in</strong></span> <span class='ocrx_word' id='word_1_179' title='bbox 1000 2534 1093 2587; x_wconf 88' lang='lat' dir='ltr'><strong>porcos</strong></span> <span class='ocrx_word' id='word_1_180' title='bbox 1105 2522 1189 2585; x_wconf 79' lang='lat' dir='ltr'><strong>poete</strong></span> <span class='ocrx_word' id='word_1_181' title='bbox 1197 2521 1309 2567; x_wconf 87' lang='lat' dir='ltr'><strong>canunt.</strong></span> <span class='ocrx_word' id='word_1_182' title='bbox 1322 2508 1383 2565; x_wconf 85' lang='lat' dir='ltr'><strong>Ma-</strong></span> 
     </span>
     <span class='ocr_line' id='line_1_23' title="bbox 299 2586 1382 2666; baseline -0.001 -24"><span class='ocrx_word' id='word_1_183' title='bbox 299 2591 360 2659; x_wconf 85' lang='lat' dir='ltr'><strong>quia</strong></span> <span class='ocrx_word' id='word_1_184' title='bbox 368 2592 498 2662; x_wconf 78' lang='lat' dir='ltr'><strong>Pegasum</strong></span> <span class='ocrx_word' id='word_1_185' title='bbox 508 2605 593 2663; x_wconf 78' lang='lat' dir='ltr'><strong>poete</strong></span> <span class='ocrx_word' id='word_1_186' title='bbox 604 2596 710 2666; x_wconf 78' lang='lat' dir='ltr'><strong>fingunt</strong></span> <span class='ocrx_word' id='word_1_187' title='bbox 720 2606 815 2650; x_wconf 88' lang='lat' dir='ltr'><strong>natum</strong></span> <span class='ocrx_word' id='word_1_188' title='bbox 864 2596 908 2665; x_wconf 83' lang='lat' dir='ltr'><strong>jor</strong></span> <span class='ocrx_word' id='word_1_189' title='bbox 927 2594 1026 2666; x_wconf 86' lang='lat' dir='ltr'><strong>speeies</strong></span> <span class='ocrx_word' id='word_1_190' title='bbox 1046 2593 1134 2647; x_wconf 90' lang='lat' dir='ltr'><strong>estin</strong></span> <span class='ocrx_word' id='word_1_191' title='bbox 1157 2590 1318 2653; x_wconf 84' lang='lat' dir='ltr'><strong>Sirenibus;</strong></span> <span class='ocrx_word' id='word_1_192' title='bbox 1338 2586 1382 2642; x_wconf 88' lang='lat' dir='ltr'><strong>sed</strong></span> 
     </span>
     <span class='ocr_line' id='line_1_24' title="bbox 300 2673 1383 2745; baseline 0 -22"><span class='ocrx_word' id='word_1_193' title='bbox 300 2690 332 2724; x_wconf 81' lang='lat' dir='ltr'><strong>er</strong></span> <span class='ocrx_word' id='word_1_194' title='bbox 343 2673 473 2741; x_wconf 75' lang='lat' dir='ltr'><strong>sanguine</strong></span> <span class='ocrx_word' id='word_1_195' title='bbox 496 2674 618 2729; x_wconf 77' lang='lat' dir='ltr'><strong>Medusae</strong></span> <span class='ocrx_word' id='word_1_196' title='bbox 635 2715 642 2742; x_wconf 97' lang='lat'><strong>,</strong></span> <span class='ocrx_word' id='word_1_197' title='bbox 664 2694 748 2744; x_wconf 89' lang='lat' dir='ltr'><strong>quum</strong></span> <span class='ocrx_word' id='word_1_198' title='bbox 766 2676 816 2745; x_wconf 88' lang='lat' dir='ltr'><strong>ipsi</strong></span> <span class='ocrx_word' id='word_1_199' title='bbox 863 2674 932 2729; x_wconf 85' lang='lat' dir='ltr'><strong>dura</strong></span> <span class='ocrx_word' id='word_1_200' title='bbox 942 2674 998 2730; x_wconf 77' lang='lat' dir='ltr'><strong>haee</strong></span> <span class='ocrx_word' id='word_1_201' title='bbox 1008 2674 1143 2743; x_wconf 79' lang='lat' dir='ltr'><strong>enallage,</strong></span> <span class='ocrx_word' id='word_1_202' title='bbox 1156 2682 1187 2725; x_wconf 92' lang='lat' dir='ltr'><strong>ut</strong></span> <span class='ocrx_word' id='word_1_203' title='bbox 1194 2692 1246 2724; x_wconf 80' lang='lat' dir='ltr'><strong>urar</strong></span> <span class='ocrx_word' id='word_1_204' title='bbox 1256 2675 1329 2739; x_wconf 62' lang='grc' dir='ltr'><strong>ωηο</strong></span> <span class='ocrx_word' id='word_1_205' title='bbox 1338 2687 1383 2740; x_wconf 90' lang='lat' dir='ltr'><strong>po-</strong></span> 
     </span>
     <span class='ocr_line' id='line_1_25' title="bbox 299 2748 1382 2826; baseline -0.002 -22"><span class='ocrx_word' id='word_1_206' title='bbox 299 2752 816 2819; x_wconf 81' lang='lat' dir='ltr'><strong>eaputaPerseoessetresectum,recte</strong></span> <span class='ocrx_word' id='word_1_207' title='bbox 865 2766 947 2809; x_wconf 88' lang='lat' dir='ltr'><strong>natur</strong></span> <span class='ocrx_word' id='word_1_208' title='bbox 968 2774 1017 2826; x_wconf 86' lang='lat' dir='ltr'><strong>pro</strong></span> <span class='ocrx_word' id='word_1_209' title='bbox 1040 2748 1167 2826; x_wconf 86' lang='lat' dir='ltr'><strong>plurimis.</strong></span> <span class='ocrx_word' id='word_1_210' title='bbox 1195 2750 1292 2820; x_wconf 86' lang='lat' dir='ltr'><strong>Quare</strong></span> <span class='ocrx_word' id='word_1_211' title='bbox 1316 2750 1382 2803; x_wconf 84' lang='lat' dir='ltr'><strong>sorte</strong></span> 
     </span>
     <span class='ocr_line' id='line_1_26' title="bbox 300 2828 1385 2904; baseline -0.004 -22"><span class='ocrx_word' id='word_1_212' title='bbox 300 2828 364 2883; x_wconf 91' lang='lat' dir='ltr'><strong>dicit</strong></span> <span class='ocrx_word' id='word_1_213' title='bbox 377 2850 438 2884; x_wconf 86' lang='lat' dir='ltr'><strong>enm</strong></span> <span class='ocrx_word' id='word_1_214' title='bbox 453 2833 582 2887; x_wconf 84' lang='lat' dir='ltr'><strong>victorem</strong></span> <span class='ocrx_word' id='word_1_215' title='bbox 594 2834 695 2904; x_wconf 74' lang='lat' dir='ltr'><strong>Pegaso</strong></span> <span class='ocrx_word' id='word_1_216' title='bbox 708 2844 816 2886; x_wconf 84' lang='lat' dir='ltr'><strong>vectum</strong></span> <span class='ocrx_word' id='word_1_217' title='bbox 866 2832 984 2904; x_wconf 81' lang='lat' dir='ltr'><strong>Sphinga</strong></span> <span class='ocrx_word' id='word_1_218' title='bbox 991 2831 1241 2896; x_wconf 78' lang='lat' dir='ltr'><strong>intellexeritllaso,</strong></span> <span class='ocrx_word' id='word_1_219' title='bbox 1252 2847 1315 2899; x_wconf 78' lang='lat' dir='ltr'><strong>quse</strong></span> <span class='ocrx_word' id='word_1_220' title='bbox 1320 2830 1385 2893; x_wconf 76' lang='lat' dir='ltr'><strong>cepi!</strong></span> 
     </span>
     <span class='ocr_line' id='line_1_27' title="bbox 298 2909 1383 2981; baseline -0.001 -21"><span class='ocrx_word' id='word_1_221' title='bbox 298 2925 429 2963; x_wconf 83' lang='lat' dir='ltr'><strong>remeasse</strong></span> <span class='ocrx_word' id='word_1_222' title='bbox 437 2909 465 2963; x_wconf 95' lang='lat' dir='ltr'><strong>in</strong></span> <span class='ocrx_word' id='word_1_223' title='bbox 474 2910 594 2980; x_wconf 86' lang='lat' dir='ltr'><strong>patriam.</strong></span> <span class='ocrx_word' id='word_1_224' title='bbox 603 2912 733 2981; x_wconf 75' lang='lat' dir='ltr'><strong>Pegasum</strong></span> <span class='ocrx_word' id='word_1_225' title='bbox 741 2910 817 2980; x_wconf 90' lang='lat' dir='ltr'><strong>Nep-</strong></span> <span class='ocrx_word' id='word_1_226' title='bbox 865 2932 958 2967; x_wconf 81' lang='lat' dir='ltr'><strong>revera</strong></span> <span class='ocrx_word' id='word_1_227' title='bbox 966 2914 1054 2977; x_wconf 75' lang='lat' dir='ltr'><strong>viros3</strong></span> <span class='ocrx_word' id='word_1_228' title='bbox 1067 2930 1156 2981; x_wconf 87' lang='lat' dir='ltr'><strong>neque</strong></span> <span class='ocrx_word' id='word_1_229' title='bbox 1165 2928 1277 2963; x_wconf 83' lang='lat' dir='ltr'><strong>movere</strong></span> <span class='ocrx_word' id='word_1_230' title='bbox 1289 2926 1383 2978; x_wconf 84' lang='lat' dir='ltr'><strong>quem-</strong></span> 
     </span>
     <span class='ocr_line' id='line_1_28' title="bbox 300 2985 1383 3061; baseline 0 -22"><span class='ocrx_word' id='word_1_231' title='bbox 300 2987 360 3039; x_wconf 89' lang='lat' dir='ltr'><strong>tuni</strong></span> <span class='ocrx_word' id='word_1_232' title='bbox 379 2999 407 3041; x_wconf 89' lang='lat' dir='ltr'><strong>et</strong></span> <span class='ocrx_word' id='word_1_233' title='bbox 419 2989 539 3043; x_wconf 72' lang='lat' dir='ltr'><strong>Medusae</strong></span> <span class='ocrx_word' id='word_1_234' title='bbox 556 2990 643 3043; x_wconf 81' lang='lat' dir='ltr'><strong>salium</strong></span> <span class='ocrx_word' id='word_1_235' title='bbox 657 2990 723 3043; x_wconf 76' lang='lat' dir='ltr'><strong>lacit</strong></span> <span class='ocrx_word' id='word_1_236' title='bbox 738 2988 818 3043; x_wconf 85' lang='lat' dir='ltr'><strong>Statii</strong></span> <span class='ocrx_word' id='word_1_237' title='bbox 860 3008 947 3061; x_wconf 72' lang='lat' dir='ltr'><strong>&#39;quam</strong></span> <span class='ocrx_word' id='word_1_238' title='bbox 957 2990 1055 3057; x_wconf 90' lang='lat' dir='ltr'><strong>dehet,</strong></span> <span class='ocrx_word' id='word_1_239' title='bbox 1072 2988 1145 3060; x_wconf 82' lang='lat' dir='ltr'><strong>quod</strong></span> <span class='ocrx_word' id='word_1_240' title='bbox 1156 2987 1245 3042; x_wconf 81' lang='lat' dir='ltr'><strong>sabula</strong></span> <span class='ocrx_word' id='word_1_241' title='bbox 1259 2985 1383 3057; x_wconf 75' lang='lat' dir='ltr'><strong>Spinghis</strong></span> 
     </span>
     <span class='ocr_line' id='line_1_29' title="bbox 303 3064 1383 3136; baseline -0.001 -18"><span class='ocrx_word' id='word_1_242' title='bbox 303 3064 477 3132; x_wconf 73' lang='lat' dir='ltr'><strong>scholiastes,</strong></span> <span class='ocrx_word' id='word_1_243' title='bbox 489 3066 521 3120; x_wconf 87' lang='lat' dir='ltr'><strong>ad</strong></span> <span class='ocrx_word' id='word_1_244' title='bbox 530 3084 573 3122; x_wconf 82' lang='lat' dir='ltr'><strong>vu</strong></span> <span class='ocrx_word' id='word_1_245' title='bbox 582 3070 669 3124; x_wconf 84' lang='lat' dir='ltr'><strong>Theb.</strong></span> <span class='ocrx_word' id='word_1_246' title='bbox 678 3068 728 3121; x_wconf 83' lang='grc'><strong>338</strong></span> <span class='ocrx_word' id='word_1_247' title='bbox 737 3090 745 3132; x_wconf 85' lang='lat'><strong>;</strong></span> <span class='ocrx_word' id='word_1_248' title='bbox 755 3066 816 3119; x_wconf 79' lang='lat' dir='ltr'><strong>vide</strong></span> <span class='ocrx_word' id='word_1_249' title='bbox 866 3090 923 3125; x_wconf 87' lang='lat' dir='ltr'><strong>non</strong></span> <span class='ocrx_word' id='word_1_250' title='bbox 935 3073 1066 3125; x_wconf 85' lang='lat' dir='ltr'><strong>reseratur</strong></span> <span class='ocrx_word' id='word_1_251' title='bbox 1076 3070 1106 3123; x_wconf 89' lang='lat' dir='ltr'><strong>in</strong></span> <span class='ocrx_word' id='word_1_252' title='bbox 1117 3067 1189 3122; x_wconf 89' lang='lat' dir='ltr'><strong>lihris</strong></span> <span class='ocrx_word' id='word_1_253' title='bbox 1201 3064 1383 3136; x_wconf 86' lang='lat' dir='ltr'><strong>Metamorph.</strong></span> 
     </span>
     <span class='ocr_line' id='line_1_30' title="bbox 303 3144 1383 3223; baseline 0.001 -26"><span class='ocrx_word' id='word_1_254' title='bbox 303 3144 336 3197; x_wconf 92' lang='lat' dir='ltr'><strong>ad</strong></span> <span class='ocrx_word' id='word_1_255' title='bbox 344 3162 392 3211; x_wconf 88' lang='lat' dir='ltr'><strong>vt,</strong></span> <span class='ocrx_word' id='word_1_256' title='bbox 405 3148 587 3219; x_wconf 83' lang='lat' dir='ltr'><strong>Metamorph.</strong></span> <span class='ocrx_word' id='word_1_257' title='bbox 597 3168 659 3223; x_wconf 80' lang='lat'><strong>¹¹9²</strong></span> <span class='ocrx_word' id='word_1_258' title='bbox 672 3158 763 3219; x_wconf 81' lang='lat' dir='ltr'><strong>postea</strong></span> <span class='ocrx_word' id='word_1_259' title='bbox 772 3146 818 3199; x_wconf 87' lang='lat' dir='ltr'><strong>in·</strong></span> <span class='ocrx_word' id='word_1_260' title='bbox 867 3168 931 3205; x_wconf 87' lang='lat' dir='ltr'><strong>narn</strong></span> <span class='ocrx_word' id='word_1_261' title='bbox 941 3150 1030 3221; x_wconf 88' lang='lat' dir='ltr'><strong>plures</strong></span> <span class='ocrx_word' id='word_1_262' title='bbox 1041 3150 1084 3205; x_wconf 91' lang='lat' dir='ltr'><strong>hic</strong></span> <span class='ocrx_word' id='word_1_263' title='bbox 1096 3156 1290 3215; x_wconf 83' lang='lat' dir='ltr'><strong>recensentur,</strong></span> <span class='ocrx_word' id='word_1_264' title='bbox 1305 3164 1383 3217; x_wconf 87' lang='lat' dir='ltr'><strong>quarn</strong></span> 
     </span>
     <span class='ocr_line' id='line_1_31' title="bbox 301 3226 1383 3302; baseline -0.001 -20"><span class='ocrx_word' id='word_1_265' title='bbox 301 3226 391 3279; x_wconf 85' lang='lat' dir='ltr'><strong>serviit</strong></span> <span class='ocrx_word' id='word_1_266' title='bbox 410 3226 452 3281; x_wconf 90' lang='lat' dir='ltr'><strong>hic</strong></span> <span class='ocrx_word' id='word_1_267' title='bbox 470 3247 571 3297; x_wconf 83' lang='lat' dir='ltr'><strong>equm,</strong></span> <span class='ocrx_word' id='word_1_268' title='bbox 596 3250 612 3282; x_wconf 89' lang='lat' dir='ltr'><strong>a</strong></span> <span class='ocrx_word' id='word_1_269' title='bbox 627 3228 687 3282; x_wconf 89' lang='lat' dir='ltr'><strong>Diis</strong></span> <span class='ocrx_word' id='word_1_270' title='bbox 703 3227 816 3295; x_wconf 85' lang='lat' dir='ltr'><strong>missus,</strong></span> <span class='ocrx_word' id='word_1_271' title='bbox 867 3250 931 3302; x_wconf 85' lang='lat' dir='ltr'><strong>quas</strong></span> <span class='ocrx_word' id='word_1_272' title='bbox 943 3252 974 3285; x_wconf 87' lang='lat' dir='ltr'><strong>er</strong></span> <span class='ocrx_word' id='word_1_273' title='bbox 982 3232 1102 3301; x_wconf 78' lang='lat' dir='ltr'><strong>professo</strong></span> <span class='ocrx_word' id='word_1_274' title='bbox 1116 3226 1236 3283; x_wconf 83' lang='lat' dir='ltr'><strong>tractavit</strong></span> <span class='ocrx_word' id='word_1_275' title='bbox 1245 3238 1333 3297; x_wconf 78' lang='lat' dir='ltr'><strong>poeta</strong></span> <span class='ocrx_word' id='word_1_276' title='bbox 1343 3226 1383 3281; x_wconf 83' lang='lat' dir='ltr'><strong>stc</strong></span> 
     </span>
     <span class='ocr_line' id='line_1_32' title="bbox 302 3304 1385 3381; baseline 0 -24"><span class='ocrx_word' id='word_1_277' title='bbox 302 3305 510 3379; x_wconf 82' lang='lat' dir='ltr'><strong>Bellerophonti.</strong></span> <span class='ocrx_word' id='word_1_278' title='bbox 529 3308 622 3361; x_wconf 79' lang='lat' dir='ltr'><strong>Altera</strong></span> <span class='ocrx_word' id='word_1_279' title='bbox 632 3305 818 3376; x_wconf 83' lang='lat' dir='ltr'><strong>interpretatio</strong></span> <span class='ocrx_word' id='word_1_280' title='bbox 866 3310 956 3381; x_wconf 74' lang='lat' dir='ltr'><strong>Tityi,</strong></span> <span class='ocrx_word' id='word_1_281' title='bbox 971 3306 1116 3374; x_wconf 82' lang='lat' dir='ltr'><strong>Enceladi,</strong></span> <span class='ocrx_word' id='word_1_282' title='bbox 1131 3306 1222 3373; x_wconf 73' lang='lat' dir='ltr'><strong>Atrei,</strong></span> <span class='ocrx_word' id='word_1_283' title='bbox 1236 3304 1345 3359; x_wconf 88' lang='lat' dir='ltr'><strong>Tantali</strong></span> <span class='ocrx_word' id='word_1_284' title='bbox 1358 3313 1385 3357; x_wconf 90' lang='lat' dir='ltr'><strong>et</strong></span> 
     </span>
     <span class='ocr_line' id='line_1_33' title="bbox 302 3385 1384 3458; baseline -0.001 -20"><span class='ocrx_word' id='word_1_285' title='bbox 302 3385 403 3458; x_wconf 85' lang='lat' dir='ltr'><strong>Micylli</strong></span> <span class='ocrx_word' id='word_1_286' title='bbox 413 3406 509 3456; x_wconf 81' lang='lat' dir='ltr'><strong>,quern</strong></span> <span class='ocrx_word' id='word_1_287' title='bbox 517 3388 654 3442; x_wconf 85' lang='lat' dir='ltr'><strong>etMarius</strong></span> <span class='ocrx_word' id='word_1_288' title='bbox 662 3387 818 3457; x_wconf 82' lang='lat' dir='ltr'><strong>hahet,qua</strong></span> <span class='ocrx_word' id='word_1_289' title='bbox 867 3390 980 3443; x_wconf 86' lang='lat' dir='ltr'><strong>aliorum</strong></span> <span class='ocrx_word' id='word_1_290' title='bbox 991 3388 1092 3442; x_wconf 83' lang='lat' dir='ltr'><strong>fabulas</strong></span> <span class='ocrx_word' id='word_1_291' title='bbox 1103 3406 1159 3440; x_wconf 93' lang='lat' dir='ltr'><strong>non</strong></span> <span class='ocrx_word' id='word_1_292' title='bbox 1176 3386 1294 3457; x_wconf 77' lang='lat' dir='ltr'><strong>integras</strong></span> <span class='ocrx_word' id='word_1_293' title='bbox 1309 3385 1384 3438; x_wconf 83' lang='lat' dir='ltr'><strong>inse-</strong></span> 
     </span>
     <span class='ocr_line' id='line_1_34' title="bbox 294 3462 1383 3540; baseline -0.001 -23"><span class='ocrx_word' id='word_1_294' title='bbox 294 3462 383 3531; x_wconf 81' lang='lat' dir='ltr'><strong>serlur</strong></span> <span class='ocrx_word' id='word_1_295' title='bbox 394 3464 512 3535; x_wconf 90' lang='lat' dir='ltr'><strong>capitur,</strong></span> <span class='ocrx_word' id='word_1_296' title='bbox 525 3484 573 3536; x_wconf 89' lang='lat' dir='ltr'><strong>pro</strong></span> <span class='ocrx_word' id='word_1_297' title='bbox 586 3466 757 3519; x_wconf 80' lang='lat' dir='ltr'><strong>celebratura</strong></span> <span class='ocrx_word' id='word_1_298' title='bbox 768 3484 820 3517; x_wconf 90' lang='lat' dir='ltr'><strong>no-</strong></span> <span class='ocrx_word' id='word_1_299' title='bbox 867 3468 922 3523; x_wconf 90' lang='lat' dir='ltr'><strong>ruit</strong></span> <span class='ocrx_word' id='word_1_300' title='bbox 929 3468 1003 3538; x_wconf 89' lang='lat' dir='ltr'><strong>operi</strong></span> <span class='ocrx_word' id='word_1_301' title='bbox 1014 3486 1063 3520; x_wconf 88' lang='lat' dir='ltr'><strong>suo</strong></span> <span class='ocrx_word' id='word_1_302' title='bbox 1073 3466 1208 3540; x_wconf 79' lang='lat' dir='ltr'><strong>mythico,</strong></span> <span class='ocrx_word' id='word_1_303' title='bbox 1221 3480 1383 3536; x_wconf 88' lang='lat' dir='ltr'><strong>quamquam</strong></span> 
     </span>
     <span class='ocr_line' id='line_1_35' title="bbox 301 3544 1384 3616; baseline -0.002 -18"><span class='ocrx_word' id='word_1_304' title='bbox 301 3544 342 3598; x_wconf 84' lang='lat' dir='ltr'><strong>his</strong></span> <span class='ocrx_word' id='word_1_305' title='bbox 354 3544 454 3615; x_wconf 88' lang='lat' dir='ltr'><strong>poetis,</strong></span> <span class='ocrx_word' id='word_1_306' title='bbox 472 3556 561 3600; x_wconf 84' lang='lat' dir='ltr'><strong>coacta</strong></span> <span class='ocrx_word' id='word_1_307' title='bbox 572 3556 599 3599; x_wconf 85' lang='lat' dir='ltr'><strong>et</strong></span> <span class='ocrx_word' id='word_1_308' title='bbox 611 3545 678 3598; x_wconf 88' lang='lat' dir='ltr'><strong>dura</strong></span> <span class='ocrx_word' id='word_1_309' title='bbox 689 3554 745 3612; x_wconf 88' lang='lat' dir='ltr'><strong>est,</strong></span> <span class='ocrx_word' id='word_1_310' title='bbox 763 3564 819 3599; x_wconf 91' lang='lat' dir='ltr'><strong>ne·</strong></span> <span class='ocrx_word' id='word_1_311' title='bbox 868 3566 963 3603; x_wconf 86' lang='lat' dir='ltr'><strong>eorum</strong></span> <span class='ocrx_word' id='word_1_312' title='bbox 973 3546 1112 3616; x_wconf 84' lang='lat' dir='ltr'><strong>aliquoties</strong></span> <span class='ocrx_word' id='word_1_313' title='bbox 1122 3546 1152 3599; x_wconf 89' lang='lat' dir='ltr'><strong>in</strong></span> <span class='ocrx_word' id='word_1_314' title='bbox 1164 3544 1278 3599; x_wconf 71' lang='lat' dir='ltr'><strong>nansitu</strong></span> <span class='ocrx_word' id='word_1_315' title='bbox 1289 3544 1384 3598; x_wconf 89' lang='lat' dir='ltr'><strong>memi-</strong></span> 
     </span>
     <span class='ocr_line' id='line_1_36' title="bbox 304 3620 1384 3694; baseline -0.002 -18"><span class='ocrx_word' id='word_1_316' title='bbox 304 3642 356 3692; x_wconf 90' lang='lat' dir='ltr'><strong>que</strong></span> <span class='ocrx_word' id='word_1_317' title='bbox 368 3634 435 3694; x_wconf 88' lang='lat' dir='ltr'><strong>puto</strong></span> <span class='ocrx_word' id='word_1_318' title='bbox 444 3634 552 3694; x_wconf 85' lang='lat' dir='ltr'><strong>poetam</strong></span> <span class='ocrx_word' id='word_1_319' title='bbox 569 3634 624 3677; x_wconf 88' lang='lat' dir='ltr'><strong>tarn</strong></span> <span class='ocrx_word' id='word_1_320' title='bbox 638 3624 760 3694; x_wconf 77' lang='lat' dir='ltr'><strong>ambigue</strong></span> <span class='ocrx_word' id='word_1_321' title='bbox 773 3624 819 3677; x_wconf 91' lang='lat' dir='ltr'><strong>lo-</strong></span> <span class='ocrx_word' id='word_1_322' title='bbox 867 3626 947 3681; x_wconf 84' lang='lat' dir='ltr'><strong>uerit.</strong></span> <span class='ocrx_word' id='word_1_323' title='bbox 957 3624 1042 3694; x_wconf 87' lang='lat' dir='ltr'><strong>Quod</strong></span> <span class='ocrx_word' id='word_1_324' title='bbox 1050 3624 1071 3678; x_wconf 92' lang='lat' dir='ltr'><strong>si</strong></span> <span class='ocrx_word' id='word_1_325' title='bbox 1081 3623 1171 3677; x_wconf 87' lang='lat' dir='ltr'><strong>minus</strong></span> <span class='ocrx_word' id='word_1_326' title='bbox 1179 3622 1297 3694; x_wconf 85' lang='lat' dir='ltr'><strong>placeat,</strong></span> <span class='ocrx_word' id='word_1_327' title='bbox 1309 3620 1384 3674; x_wconf 80' lang='lat' dir='ltr'><strong>eliam</strong></span> 
     </span>
     <span class='ocr_line' id='line_1_37' title="bbox 304 3697 1384 3774; baseline -0.006 -18"><span class='ocrx_word' id='word_1_328' title='bbox 304 3715 417 3757; x_wconf 84' lang='lat' dir='ltr'><strong>cutum:</strong></span> <span class='ocrx_word' id='word_1_329' title='bbox 435 3720 499 3757; x_wconf 89' lang='lat' dir='ltr'><strong>nam</strong></span> <span class='ocrx_word' id='word_1_330' title='bbox 514 3703 572 3772; x_wconf 84' lang='lat' dir='ltr'><strong>quis</strong></span> <span class='ocrx_word' id='word_1_331' title='bbox 587 3702 644 3757; x_wconf 82' lang='lat' dir='ltr'><strong>haec</strong></span> <span class='ocrx_word' id='word_1_332' title='bbox 655 3702 746 3774; x_wconf 79' lang='lat' dir='ltr'><strong>legens</strong></span> <span class='ocrx_word' id='word_1_333' title='bbox 762 3722 819 3757; x_wconf 94' lang='lat' dir='ltr'><strong>non</strong></span> <span class='ocrx_word' id='word_1_334' title='bbox 867 3697 1384 3761; x_wconf 78' lang='lat' dir='ltr'><strong>hicsahnlanalrtereerediderimdevir-</strong></span> 
     </span>
     <span class='ocr_line' id='line_1_38' title="bbox 304 3779 1384 3857; baseline -0.003 -25"><span class='ocrx_word' id='word_1_335' title='bbox 304 3784 479 3853; x_wconf 74' lang='lat' dir='ltr'><strong>coniungeret</strong></span> <span class='ocrx_word' id='word_1_336' title='bbox 489 3821 496 3849; x_wconf 90' lang='lat'><strong><em>‚</em></strong></span> <span class='ocrx_word' id='word_1_337' title='bbox 504 3782 591 3851; x_wconf 78' lang='lat' dir='ltr'><strong>fertur</strong></span> <span class='ocrx_word' id='word_1_338' title='bbox 604 3801 678 3852; x_wconf 79' lang='lat' dir='ltr'><strong>equo,</strong></span> <span class='ocrx_word' id='word_1_339' title='bbox 692 3792 721 3836; x_wconf 91' lang='lat' dir='ltr'><strong>et</strong></span> <span class='ocrx_word' id='word_1_340' title='bbox 733 3781 820 3836; x_wconf 87' lang='lat' dir='ltr'><strong>intel·</strong></span> <span class='ocrx_word' id='word_1_341' title='bbox 869 3782 1128 3857; x_wconf 73' lang='lat' dir='ltr'><strong>ginequadam,quae</strong></span> <span class='ocrx_word' id='word_1_342' title='bbox 1134 3779 1384 3834; x_wconf 88' lang='lat' dir='ltr'><strong>mutandosormam</strong></span> 
     </span>
     <span class='ocr_line' id='line_1_39' title="bbox 303 3856 1384 3931; baseline -0.006 -18"><span class='ocrx_word' id='word_1_343' title='bbox 303 3860 397 3930; x_wconf 73' lang='lat' dir='ltr'><strong>ligaret</strong></span> <span class='ocrx_word' id='word_1_344' title='bbox 406 3902 414 3928; x_wconf 97' lang='lat'><strong>,</strong></span> <span class='ocrx_word' id='word_1_345' title='bbox 422 3865 563 3928; x_wconf 68' lang='lat' dir='ltr'><strong>mater?</strong></span> <span class='ocrx_word' id='word_1_346' title='bbox 575 3872 603 3916; x_wconf 88' lang='lat' dir='ltr'><strong>et</strong></span> <span class='ocrx_word' id='word_1_347' title='bbox 613 3881 671 3916; x_wconf 88' lang='lat' dir='ltr'><strong>non</strong></span> <span class='ocrx_word' id='word_1_348' title='bbox 681 3863 710 3915; x_wconf 91' lang='lat' dir='ltr'><strong>in</strong></span> <span class='ocrx_word' id='word_1_349' title='bbox 720 3882 754 3917; x_wconf 93' lang='lat' dir='ltr'><strong>eo</strong></span> <span class='ocrx_word' id='word_1_350' title='bbox 763 3863 821 3917; x_wconf 86' lang='lat' dir='ltr'><strong>mi·</strong></span> <span class='ocrx_word' id='word_1_351' title='bbox 868 3880 958 3931; x_wconf 86' lang='lat' dir='ltr'><strong>suam,</strong></span> <span class='ocrx_word' id='word_1_352' title='bbox 971 3860 1013 3915; x_wconf 80' lang='lat' dir='ltr'><strong>rel</strong></span> <span class='ocrx_word' id='word_1_353' title='bbox 1026 3859 1157 3931; x_wconf 83' lang='lat' dir='ltr'><strong>responsis</strong></span> <span class='ocrx_word' id='word_1_354' title='bbox 1169 3856 1256 3912; x_wconf 81' lang='lat' dir='ltr'><strong>dubiis</strong></span> <span class='ocrx_word' id='word_1_355' title='bbox 1267 3867 1296 3911; x_wconf 88' lang='lat' dir='ltr'><strong>et</strong></span> <span class='ocrx_word' id='word_1_356' title='bbox 1307 3858 1384 3911; x_wconf 73' lang='lat' dir='ltr'><strong>aubi·</strong></span> 
     </span>
     <span class='ocr_line' id='line_1_40' title="bbox 306 3932 1384 4012; baseline -0.006 -20"><span class='ocrx_word' id='word_1_357' title='bbox 306 3958 369 3993; x_wconf 85' lang='lat' dir='ltr'><strong>rtun</strong></span> <span class='ocrx_word' id='word_1_358' title='bbox 383 3940 447 3993; x_wconf 83' lang='lat' dir='ltr'><strong>illud</strong></span> <span class='ocrx_word' id='word_1_359' title='bbox 457 3948 605 4009; x_wconf 68' lang='lat' dir='ltr'><strong>quereret,</strong></span> <span class='ocrx_word' id='word_1_360' title='bbox 625 3940 698 4012; x_wconf 91' lang='lat' dir='ltr'><strong>quod</strong></span> <span class='ocrx_word' id='word_1_361' title='bbox 710 3961 725 3993; x_wconf 85' lang='lat' dir='ltr'><strong>a</strong></span> <span class='ocrx_word' id='word_1_362' title='bbox 735 3940 822 4011; x_wconf 89' lang='lat' dir='ltr'><strong>poetis</strong></span> <span class='ocrx_word' id='word_1_363' title='bbox 867 3945 926 4008; x_wconf 65' lang='lat' dir='ltr'><strong>gris</strong></span> <span class='ocrx_word' id='word_1_364' title='bbox 937 3938 1071 4009; x_wconf 87' lang='lat' dir='ltr'><strong>deceperit</strong></span> <span class='ocrx_word' id='word_1_365' title='bbox 1080 3936 1168 4002; x_wconf 49' lang='grc' dir='ltr'>’ἀι-ως</span> <span class='ocrx_word' id='word_1_366' title='bbox 1188 3954 1253 3990; x_wconf 83' lang='lat' dir='ltr'><strong>nant</strong></span> <span class='ocrx_word' id='word_1_367' title='bbox 1265 3933 1294 3988; x_wconf 88' lang='lat' dir='ltr'><strong>id</strong></span> <span class='ocrx_word' id='word_1_368' title='bbox 1306 3932 1384 3987; x_wconf 81' lang='lat' dir='ltr'><strong>ride-</strong></span> 
     </span>
     <span class='ocr_line' id='line_1_41' title="bbox 306 4012 1369 4090; baseline -0.007 -19"><span class='ocrx_word' id='word_1_369' title='bbox 306 4027 432 4085; x_wconf 86' lang='lat' dir='ltr'><strong>eanatur,</strong></span> <span class='ocrx_word' id='word_1_370' title='bbox 455 4020 527 4088; x_wconf 86' lang='lat' dir='ltr'><strong>quod</strong></span> <span class='ocrx_word' id='word_1_371' title='bbox 540 4020 600 4073; x_wconf 84' lang='lat' dir='ltr'><strong>alite</strong></span> <span class='ocrx_word' id='word_1_372' title='bbox 617 4038 688 4090; x_wconf 89' lang='lat' dir='ltr'><strong>equo</strong></span> <span class='ocrx_word' id='word_1_373' title='bbox 700 4038 748 4088; x_wconf 91' lang='lat' dir='ltr'><strong>per</strong></span> <span class='ocrx_word' id='word_1_374' title='bbox 761 4038 823 4073; x_wconf 86' lang='lat' dir='ltr'><strong>aera</strong></span> <span class='ocrx_word' id='word_1_375' title='bbox 869 4028 915 4073; x_wconf 87' lang='lat' dir='ltr'><strong>tur</strong></span> <span class='ocrx_word' id='word_1_376' title='bbox 929 4018 1066 4089; x_wconf 91' lang='lat' dir='ltr'><strong>epitheton</strong></span> <span class='ocrx_word' id='word_1_377' title='bbox 1078 4022 1202 4086; x_wconf 51' lang='lat' dir='ltr'><strong>sabatae</strong></span> <span class='ocrx_word' id='word_1_378' title='bbox 1211 4024 1316 4069; x_wconf 85' lang='lat' dir='ltr'><strong>notare·</strong></span> <span class='ocrx_word' id='word_1_379' title='bbox 1329 4012 1369 4067; x_wconf 85' lang='lat' dir='ltr'><strong>lo.</strong></span> 
     </span>
     <span class='ocr_line' id='line_1_42' title="bbox 305 4090 1383 4171; baseline -0.006 -20"><span class='ocrx_word' id='word_1_380' title='bbox 305 4098 340 4153; x_wconf 82' lang='lat' dir='ltr'><strong>sit</strong></span> <span class='ocrx_word' id='word_1_381' title='bbox 348 4097 457 4151; x_wconf 60' lang='lat' dir='ltr'><strong>vectus?</strong></span> <span class='ocrx_word' id='word_1_382' title='bbox 469 4097 563 4166; x_wconf 82' lang='lat' dir='ltr'><strong>Quare</strong></span> <span class='ocrx_word' id='word_1_383' title='bbox 575 4098 749 4153; x_wconf 85' lang='lat' dir='ltr'><strong>statuendum</strong></span> <span class='ocrx_word' id='word_1_384' title='bbox 763 4108 821 4166; x_wconf 88' lang='lat' dir='ltr'><strong>est,</strong></span> <span class='ocrx_word' id='word_1_385' title='bbox 904 4090 1383 4171; x_wconf 71' lang='lat' dir='ltr'><strong>29.laetus1teas.1msuusFrancot</strong></span> 
     </span>
     <span class='ocr_line' id='line_1_43' title="bbox 307 4170 1383 4246; baseline -0.006 -15"><span class='ocrx_word' id='word_1_386' title='bbox 307 4178 405 4234; x_wconf 87' lang='lat' dir='ltr'><strong>Persea</strong></span> <span class='ocrx_word' id='word_1_387' title='bbox 421 4176 547 4233; x_wconf 75' lang='lat' dir='ltr'><strong>reducem</strong></span> <span class='ocrx_word' id='word_1_388' title='bbox 566 4198 581 4231; x_wconf 89' lang='lat' dir='ltr'><strong>a</strong></span> <span class='ocrx_word' id='word_1_389' title='bbox 593 4178 717 4233; x_wconf 78' lang='lat' dir='ltr'><strong>Medusae</strong></span> <span class='ocrx_word' id='word_1_390' title='bbox 730 4177 822 4246; x_wconf 68' lang='lat' dir='ltr'><strong>cede,</strong></span> <span class='ocrx_word' id='word_1_391' title='bbox 905 4178 945 4232; x_wconf 85' lang='lat'><strong>30.</strong></span> <span class='ocrx_word' id='word_1_392' title='bbox 958 4180 1078 4232; x_wconf 73' lang='lat' dir='ltr'><strong>Proditor</strong></span> <span class='ocrx_word' id='word_1_393' title='bbox 1090 4178 1221 4232; x_wconf 76' lang='lat' dir='ltr'><strong>Tantalus.</strong></span> <span class='ocrx_word' id='word_1_394' title='bbox 1234 4170 1339 4243; x_wconf 84' lang='lat' dir='ltr'><strong>Quod,</strong></span> <span class='ocrx_word' id='word_1_395' title='bbox 1354 4178 1383 4225; x_wconf 84' lang='lat' dir='ltr'><strong>ot</strong></span> 
     </span>
    </p>
   </div>
   <div class='ocr_carea' id='block_1_5' title="bbox 0 0 1532 5000">
    <p class='ocr_par' dir='ltr' id='par_1_5' title="bbox 0 0 1532 5000">
     <span class='ocr_line' id='line_1_44' title="bbox 0 0 1532 5000; baseline 0 0"><span class='ocrx_word' id='word_1_396' title='bbox 0 0 1532 5000; x_wconf 95' lang='lat' dir='ltr'><strong> </strong></span> 
     </span>
    </p>
   </div>
  </div>
 </body>
</html>
