3009 5000
331 424 393 490 106
475 403 477 409 ‘
607 427 648 490 r.
678 382 856 497 ovrnri
883 423 1118 493 ussonrs

687 795 925 882 ELEGIA
954 799 1035 883 lx.

305 1229 309 1234 .
341 1196 379 1234 Al)
397 1196 746 1238 curtntnzn2n01t'rnrmt
765 1201 805 1238 ΠΤ
821 1201 855 1237 nt
872 1199 951 1239 Amos
968 1199 1082 1252 QUOQUE
1100 1199 1154 1240 ΒΗΑ
1170 1200 1243 1240 ’ΜΔ
1260 1202 1397 1244 ΒΙΠΕΑΤ.

331 1357 377 1461 Ο
400 1405 619 1474 ΝυΝοϋΛΜ
635 1417 698 1490 pro
715 1417 768 1462 me
787 1389 867 1463 satis
885 1389 1059 1486 indignate
1075 1390 1228 1493 Cupido,

378 1503 464 1576 Oiu
481 1504 582 1579 corde
599 1533 674 1580 meo
694 1505 860 1580 desidiose
877 1509 979 1608 puer!

328 1617 424 1715 Quid
441 1647 510 1706 me,
531 1621 589 1720 qui
607 1621 702 1696 miles
721 1651 896 1723 uunquam
914 1640 970 1697 tua
987 1623 1083 1718 sigua
1099 1622 1236 1725 reliqui,

376 1733 507 1807 Laedis?
524 1735 611 1809 etin
629 1737 745 1810 eastris
760 1736 920 1811 vulneror
936 1739 1008 1838 ipse
1025 1738 1135 1811 meis?

331 1849 402 1922 Cur
419 1866 475 1923 tua
490 1848 545 1923 sax
562 1851 645 1944 urit,
665 1850 740 1947 figit
757 1870 836 1927 tuus
853 1882 950 1928 arcus
968 1854 1117 1928 amieos?

381 1967 496 2042 Gloria
513 1987 703 2070 pugnantes
719 1969 849 2044 vincere
864 1971 972 2070 major
988 1986 1068 2045 erat.
1109 2010 1115 2020 .

330 2084 447 2183 Quid?
463 2112 532 2157 uon
551 2084 763 2174 Haemonius,
782 2112 881 2185 quern
900 2086 1037 2188 cuspide
1054 2084 1214 2188 perculit,
1230 2084 1333 2159 heros

379 2199 586 2276 Confossum
601 2199 729 2274 medica
746 2201 929 2301 postmodo
945 2203 1033 2302 juvit
1049 2203 1140 2303 ope?

364 2430 385 2461 1.
402 2410 561 2475 Onuuquam
566 2427 615 2474 pro
627 2412 741 2459 mesatis
752 2416 802 2460 etc.
815 2405 844 2460 si
894 2406 962 2461 dole.
980 2407 1051 2477 Quos
1063 2415 1213 2476 sequnntur
1224 2406 1281 2458 [use
1292 2404 1355 2458 satis
1366 2423 1417 2457 ex-

330 2487 456 2541 attentius
468 2487 606 2557 pauloquo
614 2496 669 2539 tota
678 2496 778 2556 spectat
786 2485 845 2541 Ele·
893 2486 1002 2557 plicant.

330 2569 371 2638 gia
383 2566 553 2619 Burmannus
570 2576 598 2619 et
615 2566 657 2617 alii
676 2564 846 2619 consideras-
928 2566 1103 2633 dlpsesserls.
1114 2562 1147 2617 lu
1164 2560 1340 2632 quibusdam,
1353 2567 1417 2614 tais.

329 2655 405 2711 seut',
424 2664 479 2697 uon
494 2645 525 2698 ab
537 2644 593 2714 ipso
606 2644 697 2697 limine
711 2643 846 2699 haesisseut
895 2639 1023 2697 Heinsius
1034 2642 1134 2709 edidit,
1148 2644 1292 2709 spsemer‘s,
1307 2649 1419 2693 secutus

331 2723 404 2777 dubii
415 2722 477 2792 quid
496 2722 543 2776 sibi
565 2722 626 2776 velit
646 2722 715 2776 istud
723 2743 771 2792 pro
784 2743 824 2776 me
832 2740 843 2788 ,·
894 2723 998 2777 codices
1008 2734 1064 2777 tom
1075 2740 1153 2785 suos,
1168 2739 1250 2791 quam
1264 2718 1417 2790 Naugerii,

331 2820 381 2855 uec
395 2812 535 2870 postquam
554 2820 695 2871 perperam
708 2802 847 2873 interpre-
895 2800 976 2855 Marii
989 2811 1015 2855 et
1027 2800 1196 2854 Bersmanni.

331 2880 399 2946 tati,
419 2884 447 2931 iu
462 2899 544 2932 msam
559 2884 716 2945 utilitatem,
741 2899 776 2933 es
790 2900 847 2935 meo
930 2901 951 2951 7.
971 2881 1064 2945 Quid?
1086 2898 1136 2931 uon
1150 2878 1317 2936 Hemons'ss,
1341 2894 1418 2943 quen

330 2976 379 3010 usu
388 2966 436 3011 etr„
444 2956 586 3027 legendum
598 2958 795 3027 proposuissent
798 2979 847 3027 pro
894 2962 1000 3028 cuspide
1007 2962 1120 3028 perculit
1130 2968 1180 3011 etr.
1201 2958 1298 3027 Agitur
1308 2954 1342 3008 de
1354 2976 1418 3009 eer-

332 3054 370 3097 re,
383 3036 472 3089 nescio
483 3036 558 3103 enjus
569 3034 665 3089 codicis
676 3076 683 3103 ,
700 3056 781 3105 quem
790 3056 845 3090 nou
895 3038 995 3090 tamine
1006 3036 1114 3090 Achillis
1121 3054 1183 3089 curn
1191 3033 1320 3103 Telepho.
1328 3032 1418 3086 Hasta

332 3114 492 3179 nominant,
514 3114 748 3168 auctoritatesreti.
761 3114 847 3167 lnve-
896 3127 987 3171 autem
1002 3119 1133 3169 Hemonis'
1146 3119 1248 3176 semes,
1272 3132 1324 3182 qua
1337 3123 1416 3177 arte,

332 3188 847 3260 hitnriuCupidinempoetn,qniunnm
896 3195 969 3265 quod
981 3194 1129 3262 inflixerat,
1141 3194 1237 3246 vulnus
1245 3202 1366 3257 sanares,
1379 3193 1417 3243 sic

332 3288 360 3322 se
373 3268 431 3321 telis
441 3270 494 3322 suis
507 3268 670 3336 petendum,
683 3286 737 3338 pros
746 3268 849 3321 coeteris
896 3274 1000 3327 Pliniu,
1013 3273 1109 3339 docet,
1123 3288 1219 3337 xxm,
1236 3274 1283 3322 ,ες
1297 3290 1310 3313 «
1325 3268 1376 3321 Est
1388 3280 1417 3322 et

332 3346 455 3417 selegerit
470 3365 477 3399 :
495 3364 600 3399 summa
617 3345 673 3399 hese
691 3347 771 3399 totius
784 3365 848 3400 car·
896 3350 991 3422 rubigo
1004 3350 1058 3420 ipsa
1070 3350 1097 3403 in
1111 3347 1253 3410 remediis3
1267 3357 1295 3399 et
1306 3346 1417 3399 sicTe-

333 3426 420 3480 minis.
436 3426 504 3479 Jure
527 3426 606 3495 igitur
629 3443 768 3493 uunquam
786 3425 849 3477 satis
897 3429 1007 3499 lephum
1020 3426 1142 3498 proditur
1161 3444 1264 3479 sanam
1277 3422 1416 3490 Achilles,

333 3511 492 3575 iudsgualum
504 3511 531 3559 in
542 3526 571 3559 se
588 3506 666 3572 dicit,
686 3516 714 3557 et
729 3505 808 3557 unius
821 3510 849 3557 s'u
897 3507 951 3560 sive
971 3506 998 3558 id
1016 3524 1101 3571 terea,
1125 3505 1178 3557 sive
1200 3505 1286 3556 ferrea
1305 3499 1417 3571 cuspide

334 3588 409 3640 corde
421 3587 587 3645 desidiosum,
598 3582 624 3635 id
634 3593 848 3647 est,eessantem.
897 3584 960 3637 fecit
972 3603 978 3637 ε
990 3584 1025 3638 ita
1037 3594 1109 3638 certe
1128 3601 1188 3636 eam
1200 3580 1339 3635 decutiens
1360 3579 1418 3647 gla-

336 3664 429 3717 Restat
441 3681 513 3716 nuuc
525 3660 712 3719 excutiendum
726 3698 733 3727 ,
759 3678 792 3712 an
804 3660 849 3712 Ιο-
899 3662 951 3715 dio.
964 3685 978 3709 »
991 3662 1046 3716 Ubi
1057 3660 1108 3715 vid.
1123 3658 1257 3713 Harduin.
1270 3670 1298 3712 et
1312 3657 1417 3729 Hygin.

336 3739 849 3811 cutiohseeprome,quodisimusseusu,
899 3740 963 3794 Fab.
978 3754 1014 3792 cr.

336 3820 417 3873 latina
428 3832 506 3875 sonet
518 3821 643 3891 legitime.
659 3819 716 3889 Ego
728 3820 766 3873 sic
777 3819 850 3871 acei-
932 3818 956 3869 8.
966 3816 1117 3886 Confossum
1125 3818 1226 3868 medica
1235 3824 1285 3868 ete.
1298 3814 1418 3882 consos-

337 3898 461 3967 pieudam
473 3898 561 3968 judico
573 3917 578 3950 :
589 3901 852 3967 nunquamsats'ss'n-
899 3918 969 3960 suos,
989 3896 1097 3967 plurimi
1115 3896 1218 3949 codices
1231 3912 1238 3945 :
1253 3891 1300 3947 sed
1312 3893 1419 3965 μανίαι

337 3980 457 4043 diffuse,
480 3978 525 4030 ubi
544 3981 576 4031 de
594 3998 633 4030 ms
645 3982 747 4045 aps'tur.
770 3995 851 4045 quern
900 3972 1419 4045 hocverburn,quoseresemperdeillis,

338 4055 442 4108 unicam
457 4054 502 4107 tibi
515 4054 631 4125 praedam
649 4055 746 4109 videris
764 4054 852 4107 vindi·
900 4056 945 4125 qui
958 4056 993 4108 ita
1004 4054 1181 4108 vulnerantur
1192 4093 1200 4120 ,
1224 4062 1254 4105 ut
1268 4051 1330 4105 inde
1344 4071 1419 4105 mors

339 4152 423 4197 rosse3
443 4134 483 4187 vel
490 4154 538 4202 pro
553 4155 605 4197 me,
620 4135 647 4187 id
661 4146 713 4201 est,
725 4154 773 4201 pro
785 4136 849 4195 illa,
899 4145 1041 4202 sequatur,
1056 4142 1170 4187 utuntur
1187 4143 1290 4185 veteres
1309 4150 1316 4183 :
1333 4150 1418 4200 quare

341 4232 399 4282 qun
408 4211 441 4265 ad
450 4212 594 4266 arnaudum
603 4213 723 4283 propellit
733 4232 790 4279 me,
803 4213 852 4264 in·
901 4230 950 4282 ego
962 4231 1020 4265 nou
1032 4211 1133 4265 alienus
1143 4228 1228 4265 essem
1237 4228 1252 4262 a
1261 4208 1419 4277 consessum.
