3009 5000
327 489 392 533 noa
601 471 641 537 P.
674 473 864 544 OVIDII
898 475 1133 549 NASONIS

371 606 439 680 Vix
454 625 601 684 manete
618 627 714 687 tanto
730 643 832 714 parva
850 615 942 717 quod
960 647 1046 693 urna
1064 621 1163 723 capit.

321 725 432 818 Tene,
450 753 542 800 sacer
559 728 678 817 Vates,
694 730 834 807 llamme
851 761 992 835 rapuere
1010 736 1164 832 rogales;

370 843 571 920 Pectoribus
586 848 680 947 pasci
697 876 760 922 uec
780 849 920 924 timuere
940 851 1037 926 tuis?

320 957 431 1032 Aurea
449 978 642 1036 sanctorum
659 965 852 1064 potuissent
871 963 994 1066 templa
1011 969 1162 1042 Deorum

369 1075 491 1165 Urere,
507 1104 581 1178 quat
595 1095 727 1154 tautum
744 1081 934 1157 sustinuere
952 1082 1056 1158 nefas.

321 1191 455 1268 Avertit
467 1192 601 1283 vultus,
617 1197 736 1298 Erycis
755 1225 828 1298 que
841 1198 995 1300 possidet
1012 1227 1113 1275 arces.

367 1315 457 1390 Sunt
473 1344 628 1419 quoque,
644 1321 703 1420 qui
718 1319 873 1396 lacrimas
891 1323 1100 1398 continuisse
1117 1341 1251 1420 negent.

318 1438 386 1514 Sed
402 1457 513 1517 tamen
530 1441 596 1516 boc
611 1442 748 1533 melius,
765 1474 865 1546 quam
884 1446 912 1520 si
932 1446 1084 1524 Pbaeacia
1102 1446 1200 1523 tellus

365 1567 526 1662 Ignotum
542 1566 601 1640 vili
619 1569 859 1670 supposuisset
871 1569 1002 1645 humo·

318 1687 409 1763 Hinc
424 1707 512 1765 certe
529 1690 685 1766 madidos
701 1691 862 1790 bigienti's
879 1695 1004 1796 pressit
1020 1694 1147 1770 ocellos

368 1813 496 1902 blaten
511 1830 546 1888 et
562 1815 598 1887 in
616 1814 743 1890 eineres
759 1814 877 1892 ultima
895 1817 985 1895 dona
1003 1818 1104 1893 tulit:

319 1934 409 2011 Hine
426 1964 525 2010 soror
541 1937 577 2011 in
594 1955 725 2039 partem
738 1940 862 2015 misera
878 1969 956 2016 eum
969 1958 1073 2018 matre
1091 1939 1220 2015 doloris

367 2059 490 2149 Venit,
502 2061 681 2136 inornatas
698 2060 858 2139 dilaniata
876 2091 998 2140 comas.

317 2283 436 2335 -Jacet
444 2301 502 2336 ecce
516 2283 640 2338 ll'lullus.
656 2286 705 2338 tlte
720 2287 837 2340 Il'lullus
887 2281 957 2358 giam
969 2284 1002 2340 ad
1014 2303 1077 2340 eum
1089 2281 1194 2353 scripsit
1203 2281 1406 2340 suavissimam,

316 2371 437 2431 excerpta
447 2361 466 2414 J
468 2362 545 2416 ureti.
556 2362 626 2416 Vide
637 2364 720 2418 Notas
733 2365 766 2418 ad
780 2365 830 2436 Ep.
887 2383 946 2434 que
964 2363 1042 2418 tertia
1053 2363 1113 2416 libri
1130 2361 1218 2432 primi.
1235 2361 1341 2432 Dignus
1351 2372 1409 2417 erat

317 2444 513 2515 x1v,vers.95.
531 2441 634 2513 Supra:
647 2445 696 2496 Ille
710 2449 752 2496 lui
762 2451 836 2499 vales
887 2442 1000 2500 Messala
1009 2461 1091 2514 quem
1098 2441 1135 2497 sic
1143 2441 1263 2497 Tibullus
1275 2440 1408 2513 diligeret,

317 2524 412 2586 open's,
423 2522 553 2588 luasm
568 2524 686 2576 Tibullus
696 2523 785 2577 Ardet.
798 2524 835 2577 H.
885 2520 1408 2590 laudaretFlaceus,carm.111,0d.xx1;

317 2600 396 2653 hale!
403 2618 462 2651 ecce
475 2602 603 2663 Tibullus,
616 2600 770 2655 Beruensis.
885 2615 915 2658 et
938 2604 975 2658 ita
994 2602 1100 2657 Tullius
1120 2600 1276 2673 depingeret
1291 2620 1298 2654 :
1311 2623 1325 2647 ιι
1335 2600 1408 2655 Cave

351 2678 393 2743 4ο.
416 2680 467 2729 Vix
479 2686 566 2731 mane!
582 2698 597 2731 e
608 2686 661 2732 tolo
673 2698 758 2745 parra
771 2683 840 2747 quod
885 2693 977 2752 putea,
993 2682 1139 2752 probitate,
1152 2676 1316 2745 constantia,
1327 2698 1407 2745 eura,

283 2744 290 2757 ⁶
316 2770 382 2807 uma
391 2759 508 2823 capella*
515 2764 586 2811 laulo
594 2755 690 2811 rectius
702 2776 773 2810 unus
785 2758 837 2811 Pa·
885 2759 975 2815 studio
986 2759 1137 2829 reipublice
1146 2756 1291 2828 quidquam
1301 2756 1407 2811 illiesse

316 2834 429 2903 latinus,
441 2846 469 2889 et
481 2854 550 2889 unus
562 2836 715 2891 Vaticanus.
727 2838 836 2890 Praete-
886 2838 971 2893 simile
983 2861 990 2903 ς
1002 2850 1033 2893 nt
1043 2837 1213 2908 eloquentia,
1227 2856 1281 2907 qua
1291 2836 1407 2891 mirabi-

318 2912 403 2967 reain
416 2933 472 2967 uno
485 2915 587 2969 Moreti
604 2925 632 2968 et
648 2913 834 2982 Menteliauo,
884 2916 947 2971 liter
968 2916 1086 2982 exoellit,
1104 2916 1146 2969 rix
1163 2916 1191 2969 in
1211 2934 1245 2969 eo
1265 2914 1356 2969 locum
1374 2912 1406 2969 ad

317 3010 395 3046 curru
413 3012 484 3046 uma.
502 2992 564 3046 Vid.
585 2993 618 3047 ad
635 2993 705 3047 Fast.
721 3009 762 3061 11,
779 2994 836 3062 408.
884 2996 1049 3051 laudandum
1057 2995 1154 3049 babere
1167 2994 1407 3065 videatumquam-

318 3070 435 3139 Putem,
447 3080 528 3127 curta,
540 3072 609 3125 Met.
621 3088 693 3141 ιιιι,
705 3073 775 3127 615:
885 3075 999 3144 quamin
1009 3072 1252 3145 bacipsasapieutia
1260 3073 1319 3144 plus
1327 3092 1404 3143 appa·

317 3166 473 3215 tutiusne,
482 3166 582 3205 ussum
589 3179 661 3217 ωμο
667 3164 817 3207 mnestheus
885 3154 984 3208 rettita
993 3153 1065 3225 grad
1077 3152 1191 3222 iudicio,
1200 3152 1338 3221 multaque
1349 3164 1405 3205 arte

317 3238 391 3279 Nouio
399 3240 462 3292 quta,
469 3240 620 3293 pansaque
630 3254 671 3280 m
682 3240 837 3293 burcurt-2
886 3251 914 3287 se
927 3232 1045 3287 exercuit
1057 3231 1086 3285 in
1098 3231 1235 3285 verissimo
1247 3249 1346 3301 genere
1358 3230 1406 3284 di-

406 3326 483 3353 m.
687 3314 771 3357 ¹1¹³*
884 3310 971 3367 cendi.
982 3311 1070 3370 Teuta
1083 3320 1174 3365 autem
1191 3308 1323 3364 industria
1339 3320 1400 3376 est,

349 3388 391 3455 44.
408 3390 518 3441 Tantum
530 3388 612 3457 nesus.
623 3390 729 3445 Sacrum
736 3388 836 3444 scilieet
883 3400 1042 3459 tantumque
1048 3388 1155 3461 evigilat
1161 3390 1190 3443 in
1197 3387 1297 3457 studio,
1307 3398 1339 3441 ut
1347 3405 1403 3441 non

259 3464 265 3477 '
320 3473 405 3522 oulen
416 3467 603 3522 comburendi.
884 3468 999 3521 maxima
1011 3466 1136 3538 iugenio,
1150 3466 1221 3537 quod
1237 3466 1265 3519 in
1278 3484 1312 3520 eo
1323 3483 1422 3519 sum-.

350 3549 390 3614 45.
403 3548 505 3601 Avertit
510 3550 604 3601 vultus.
611 3542 835 3617 Superstitionem
883 3566 960 3601 mum
969 3556 1022 3613 est,
1031 3544 1113 3616 gratia
1126 3544 1247 3600 habenda
1256 3543 1402 3601 rideatur.»

315 3622 389 3678 illam
401 3642 457 3677 non
465 3624 622 3696 respiciendi
634 3625 667 3679 ad
678 3626 836 3680 sacrasune-
884 3624 929 3678 At
941 3624 1076 3691 Brutum,
1091 3623 1173 3694 Epist.
1187 3640 1231 3677 xv.

315 3704 374 3758 bria
385 3702 490 3775 egregie
502 3704 615 3759 illustrat
626 3705 697 3759 Dan·
708 3704 836 3759 Heinsius
916 3705 958 3777 49.
969 3705 1038 3756 Hinc
1049 3710 1115 3756 cerlo
1126 3705 1244 3757 madidos
1251 3711 1302 3755 etc.
1316 3697 1402 3751 Vide-

317 3782 408 3837 adsit.
419 3798 472 3850 ιιι,
489 3783 546 3837 180.
884 3790 929 3835 tur
946 3801 960 3835 e
983 3780 1092 3836 Tibullo
1111 3779 1282 3851 expressisse,
1302 3776 1349 3847 qui
1367 3776 1403 3831 sic

349 3865 391 3933 47.
410 3866 494 3931 Quum
505 3868 534 3918 ,η’
541 3864 662 3916 Plaeacru
673 3866 755 3917 lellus.
766 3860 836 3915 Cor-
883 3862 956 3933 ipse,
969 3860 1014 3917 lib.
1027 3862 1055 3928 l,
1070 3860 1144 3933 Eleg.
1157 3874 1208 3927 ιιι,
1223 3862 1256 3926 5,
1267 3876 1335 3928 sqq:

318 3931 486 4012 cyrairisula,
499 3941 678 3996 aneacibus
685 3940 788 4012 populis
798 3941 835 3997 sie
1119 3955 1267 3998 Nostis-tui
1274 3964 1337 3995 nm

317 4018 404 4087 lllcla,
421 4040 475 4089 quo
492 4022 634 4077 Messalam
650 4019 771 4074 lettlltlb
782 4020 835 4074 'Se-¹
907 4032 1133 4086 Qualegetinnoeetoe
1141 4042 1186 4071 oete
1197 4038 1277 4083 peruste
1285 4030 1353 4079 siem

318 4109 416 4168 quntus
432 4098 537 4163 luerat;
550 4100 637 4169 ibique
656 4099 751 4154 morbo
767 4117 834 4154 cor-
883 4107 930 4149 Non
939 4120 1004 4155 uror,
1014 4105 1179 4158 Αιιιτίοιεῐιετί
1189 4116 1234 4156 uu·
1241 4102 1387 4149 medem,

318 4185 409 4246 “plus
416 4216 424 4241 9
436 4176 595 4231 redeuntem
609 4178 725 4232 Romam
737 4188 834 4248 pastro.
907 4178 1060 4219 Btlleetefl'ueie
1068 4188 1114 4219 ente
1124 4179 1215 4230 sepulum
1222 4176 1296 4216 emb!

318 4272 385 4309 num
391 4272 475 4325 quum
481 4272 537 4310 non
542 4266 630 4326 posset
636 4256 767 4325 comitari,
776 4256 834 4311 Ele·
883 4252 1058 4324 -Fuga'enlls
1071 4252 1096 4307 E
1108 4252 1161 4309 vita
1172 4250 1326 4307 excedentis.
