3009 5000
315 447 382 524 236
597 453 638 518 P.
668 451 851 522 OVIDII
872 452 1101 524 NASONIS

361 586 576 690 Flammaque
593 589 629 662 in
647 608 768 686 arguto
785 619 871 693 saepe
887 611 1020 694 reperta
1036 593 1124 669 soro.
1369 619 1405 673 30

312 704 457 778 Subdita
472 735 539 807 qua
554 707 695 781 Veneris
713 708 801 782 sacto
819 708 860 783 de
876 739 1041 784 marmore
1060 709 1187 812 templo

361 823 493 923 Appias
510 825 675 924 expressis
691 834 766 899 aira
781 824 896 926 pulsat
912 828 1018 929 aquis.

312 934 377 1012 Illo
395 967 481 1040 saepe
498 938 574 1012 loco
588 940 720 1041 capitur
735 940 913 1016 consultus
930 943 1050 1018 Amori
1066 973 1075 1030 ;

362 1055 501 1156 Quique
517 1053 591 1129 aliis
608 1057 711 1144 cavit,
730 1086 802 1130 uon
822 1076 914 1132 cavet
931 1058 1003 1160 ipse
1020 1059 1097 1133 sibi.

312 1170 377 1246 lllo
394 1201 480 1275 saepe
496 1172 574 1248 loco
593 1173 716 1249 desunt
733 1202 794 1249 sua
811 1175 913 1250 verba
929 1174 1056 1250 diserto
1071 1205 1080 1264 3
1373 1201 1409 1254 ³5

363 1292 497 1392 Resque
513 1319 607 1366 novae
624 1290 780 1380 veniunt,
799 1319 963 1392 causaque
981 1291 1110 1388 agenda
1126 1291 1179 1366 sui
1198 1311 1258 1368 cst.

315 1407 417 1480 Hunc
435 1409 552 1480 Venus
569 1436 587 1482 e
603 1404 757 1509 templis,
777 1435 850 1508 quae
868 1425 949 1481 sunt
964 1406 1129 1494 confinia,
1146 1407 1259 1483 ridet:

362 1521 435 1619 Qui
451 1521 554 1595 modo
572 1539 757 1623 patronus,
775 1552 866 1598 uunc
884 1524 980 1627 cupit
995 1552 1066 1598 esse
1085 1523 1197 1599 cliens.

313 1674 389 1750 SED
407 1693 444 1750 tu
459 1676 625 1778 precipue
643 1679 753 1752 curvis
768 1707 885 1754 venare
905 1677 1063 1754 theatris:

313 1871 384 1942 apud
397 1872 542 1940 Plautum,
556 1872 734 1940 Terentium,
749 1875 831 1946 Apu·
915 1875 956 1930 82.
973 1877 1075 1944 Appias
1092 1877 1219 1943 expressis
1235 1879 1301 1930 ’ἕνα
1313 1881 1414 1944 patras

313 1951 397 2004 leium
408 1963 435 2006 et
444 1952 574 2006 Nostrum
587 1971 701 2022 quoque.
714 1953 816 2008 Burri.
880 1959 962 2026 aquis.
974 1955 1090 2008 Fontem
1101 1952 1343 2024 intelligas‚quem
1350 1955 1413 2023 Ap·

346 2031 388 2084 8ο.
405 2032 513 2099 Arato.
531 2029 673 2097 Clamoso,
684 2050 731 2086 seu
749 2031 832 2087 vocali
876 2037 959 2105 prirda
979 2033 1162 2106 patronymice
1179 2032 1325 2100 nominat,
1345 2035 1413 2102 quis

314 2109 426 2178 explicat
442 2109 553 2174 Dousa3
567 2122 595 2165 et
610 2112 647 2164 ita
660 2111 753 2166 Glossa
765 2111 833 2166 Lei-
882 2133 977 2168 censor
984 2113 1086 2183 Appius
1099 2112 1175 2166 illurn
1183 2111 1235 2167 huc
1248 2110 1413 2166 adduxerat.

314 2189 404 2244 densis
430 2189 534 2245 codicis.
556 2192 611 2245 Pro
634 2198 748 2259 reperta,
779 2192 834 2246 duo
882 2194 1060 2260 -Erpressr's
1073 2191 1186 2261 Propria
1198 2190 1227 2246 iu
1239 2189 1289 2245 hac
1301 2210 1334 2244 re
1345 2211 1412 2256 vor,

313 2265 519 2336 refirlmlius,
532 2275 634 2338 replela.
883 2287 1041 2340 quumaqua
1049 2289 1097 2339 per
1105 2268 1204 2323 listulas
1215 2268 1334 2324 ducitur.
1344 2269 1413 2322 Vid.

346 2348 387 2400 81.
405 2348 523 2410 Subdita.
539 2369 591 2418 qua
606 2351 709 2404 Veneris
713 2349 790 2418 lacto
802 2353 835 2404 de
883 2351 959 2404 Voss.
972 2349 1004 2404 ad
1019 2346 1115 2402 Cesar.
1128 2347 1196 2402 Bell.
1205 2346 1273 2402 Gall.
1285 2347 1334 2403 lib.
1349 2365 1412 2416 ver,

313 2444 435 2478 ruarmre
442 2429 589 2493 temptasse.
596 2428 698 2482 Forum
707 2429 764 2481 Jul.
774 2426 835 2482 Cre-
883 2446 938 2499 cap·
948 2448 993 2490 sa,
1002 2437 1031 2482 et
1043 2425 1109 2480 Bell.
1121 2424 1301 2493 civit-tibur,
1313 2445 1381 2496 cap.
1390 2448 1414 2501 9.

317 2503 381 2558 'saris
393 2503 509 2572 indicat,
526 2507 603 2575 cujus
615 2506 644 2561 iu
656 2506 746 2563 medio
757 2518 834 2561 tem·
915 2508 955 2561 83.
966 2509 1205 2575 Capriurcorsullrrs
1210 2506 1315 2559 Amore.
1322 2508 1415 2559 Arsao-

317 2584 392 2653 plum
398 2586 628 2654 Venerigenitrici
634 2586 834 2642 dicarentPro
883 2591 919 2640 rr‘s
932 2587 1088 2641 vetustiores
1104 2586 1172 2641 libri.
1189 2586 1277 2657 Lege,
1290 2588 1410 2649 Amori,

317 2662 374 2717 oede
390 2674 497 2730 autem,
510 2675 597 2719 statua
610 2664 721 2720 Caesaris
735 2686 768 2720 es
782 2685 834 2721 rere
883 2665 976 2733 idest,
988 2665 1123 2735 Cupidini.
1138 2668 1286 2727 Cossutius.
1300 2685 1359 2735 pm
1369 2668 1416 2735 ju-

315 2742 438 2796 inaurato
458 2743 509 2797 suit
521 2783 529 2810 ‚
549 2744 582 2797 de
603 2764 655 2815 qua
666 2746 703 2800 sic
714 2745 832 2815 Statius,
883 2745 1039 2801 risconstdto
1049 2767 1055 2801 :
1065 2757 1095 2800 ut
1102 2748 1200 2801 Noster
1209 2746 1351 2800 Amorum
1360 2748 1380 2801 l.
1391 2748 1413 2813 1,

317 2820 391 2893 Sylv.
404 2838 434 2889 1,
447 2840 529 2877 earm.
541 2840 570 2891 ι,
583 2826 636 2891 84:
885 2824 976 2895 Elegia
989 2840 1061 2891 xnr,
1077 2845 1106 2879 ar
1122 2844 1129 2878 :

317 2920 379 2960 023„
385 2933 462 2973 qm,
473 2920 536 2961 Μ,
544 2923 581 2974 qup
589 2930 657 2962 mu,
664 2924 738 2975 κομι,
746 2924 833 2971 mm,
884 2908 926 2948 Nec
935 2918 956 2947 tu
965 2910 1055 2955 consulto
1060 2937 1067 2957 ‚
1081 2922 1116 2947 nec
1127 2914 1149 2947 tu
1156 2908 1244 2960 jucunda
1251 2908 1329 2947 dureo
1338 2921 1374 2947 es.

315 2995 399 3035 &urai
407 3002 446 3034 mc
454 2997 500 3035 sede
507 2996 545 3036 tori
555 3008 628 3047 tqnm
636 2997 713 3035 tndem
722 3009 743 3035 a
751 3008 812 3036 ιωιυ
885 2981 1015 3037 Horatius
1026 2998 1053 3049 Ι,
1067 2980 1122 3037 521.
1133 2998 1160 3048 l,
1174 3002 1202 3050 17
1214 3000 1220 3035 :

315 3069 400 3119 reum,
411 3070 583 3122 Lysipps‚duei;
592 3070 771 3111 mancunium
1012 3098 1035 3111 ...
1048 3072 1095 3111 Eris
1105 3080 1141 3121 tu,
1156 3072 1192 3122 qui
1199 3068 1324 3111 ιοὼιίίω
1335 3098 1344 3117 ,

317 3140 396 3181 Auni·
403 3144 480 3182 senice
488 3142 534 3182 tulit
541 3151 579 3182 ste.
885 3146 996 3193 Mereatur,
1009 3152 1032 3183 tu
1042 3146 1140 3185 cmutm
1148 3145 1214 3185 eundo.

317 3220 386 3275 Erat
393 3241 474 3292 porro
482 3222 601 3276 mirabile
610 3222 674 3292 quid
686 3232 714 3276 et
721 3234 836 3293 porten-
887 3219 923 3273 Et
934 3222 1063 3273 consultor
1073 3217 1143 3289 apud
1154 3216 1287 3287 eundem,
1298 3236 1324 3271 v.
1336 3238 1374 3271 ιο
1384 3241 1391 3273 :

317 3309 408 3354 togam
419 3300 447 3353 in
461 3320 532 3371 equo
543 3301 605 3367 illo,
620 3324 633 3347 ι(
642 3321 724 3371 quem
740 3313 836 3357 mmm
885 3302 1067 3353 Subgslliuntun
1076 3300 1218 3343 constarunt
1227 3300 1277 3340 ustis
1286 3302 1371 3353 pulsnt.
1385 3309 1414 3347 n.

318 3378 389 3450 apud
396 3378 558 3450 se‚pedibus
571 3400 653 3451 prope
662 3380 836 3448 humanis‚et
920 3378 960 3433 88
972 3378 1315 3445 δἰωσᾳωαμιιᾰηκίιεί.
1324 3376 1416 3431 Unus

225 3458 230 3465 ’
317 3458 347 3513 in
359 3458 473 3513 modum
486 3458 632 3529 digitorum
643 3460 749 3530 ungulis
760 3460 834 3528 fissis,
886 3458 1032 3513 Vaticanus
1043 3468 1070 3511 et
1083 3456 1234 3519 Palatinus,
1247 3458 1326 3509 subr't.
1337 3456 1416 3511 Ros-

319 3556 405 3607 quum
428 3537 579 3607 haruspices
599 3538 744 3607 imperium
766 3540 837 3593 orbis
887 3535 1218 3607 tendorplriauus,rrrbrst.
1236 3532 1330 3588 Scribe
1345 3554 1416 3591 cum

317 3617 837 3688 terrasignificaredominopronuntias·
887 3616 1011 3672 Politiani
1027 3614 1137 3681 codice,
1155 3632 1284 3681 causaque
1303 3618 1417 3682 agenda

317 3711 395 3767 seut,
407 3716 576 3769 magnacum
587 3697 652 3751 aluit
665 3696 770 3765 Cesar,
786 3718 837 3755 nec
885 3698 992 3747 snr'esr:
1003 3692 1131 3762 suiipsius
1139 3710 1231 3758 causa,
1240 3710 1297 3747 non
1310 3690 1416 3747 aliena.

319 3779 466 3847 patientem
485 3778 593 3831 sessoris
610 3775 716 3829 alterius
735 3776 837 3847 primus
920 3774 960 3843 87.
976 3776 1053 3827 Hunc
1069 3776 1288 3839 Verissimus
1301 3782 1355 3827 etc.
1376 3774 1416 3831 Et

319 3856 535 3924 ascenditzcujus
543 3855 624 3909 etiam
632 3855 716 3909 instar
723 3873 772 3925 pro
779 3854 836 3909 tede
886 3871 948 3905 vere
961 3850 1086 3922 quidenu
1099 3868 1150 3904 nec
1165 3849 1203 3905 ita
1214 3850 1308 3921 procul
1319 3871 1336 3905 a
1348 3854 1415 3907 toro

320 3935 436 3990 Veneris
444 3936 578 4007 genitricis
584 3944 675 4006 postea
682 3934 836 3989 dedicavit»
887 3930 1023 3986 exstabant
1034 3929 1132 4000 templa
1145 3930 1260 3984 Veneris
1266 3934 1295 3983 rir
1309 3932 1414 3999 Circam·

320 4011 397 4067 Suet
409 4014 437 4066 in
447 4015 504 4069 Jul.
513 4012 580 4069 (its.
593 4031 648 4069 ext.
658 4013 720 4066 vid.
729 4031 836 4083 quoque
891 4014 1018 4073 Victrices,
1030 4012 1121 4073 Carra,
1131 4012 1256 4081 Erscr'se.
1264 4011 1413 4065 Clmr'aae.

321 4091 391 4145 Pliu.
400 4108 471 4159 vm,
481 4097 512 4161 4²
522 4116 530 4157 3
540 4105 568 4148 et
576 4094 657 4149 fusius
666 4093 800 4147 Plutarch.
807 4093 837 4148 in
920 4090 960 4163 89.
974 4090 1062 4143 Curris
1072 4109 1164 4143 serrare
1175 4092 1288 4143 theatris.
1301 4089 1343 4143 Ut
1352 4088 1414 4145 duo

320 4172 497 4239 vita-Qua.
513 4177 571 4242 Qua
582 4173 835 4245 legendumidest,
888 4170 983 4225 Roma
999 4168 1187 4241 amphiteatra,
1203 4177 1339 4224 castrense
1352 4169 1412 4223 scil.

322 4251 374 4305 ubi.
389 4250 470 4307 Ctor.
888 4260 915 4305 et
941 4248 1212 4320 Flauianum,vulgo
1238 4248 1411 4305 colossaeum
