3009 5000
347 501 589 573 AMORUM
618 504 648 570 Ι.
678 501 827 571 ELEG.
858 503 928 570 Vl.
1132 508 1174 572 25

14 661 15 684 ¹
91 643 188 718 Ama
207 641 283 743 quis
299 640 371 716 hae
390 643 531 716 timeat?
549 642 626 744 quis
642 671 714 718 non
731 661 786 717 eat
804 642 925 717 obvius
942 639 1034 716 illis?

133 763 306 861 Tempora
320 759 432 832 noctis
448 764 550 847 eunt3
565 777 682 834 excute
700 778 800 861 poste
818 789 936 835 seram.
1141 781 1175 851 4⁰

91 877 216 950 Lentus
232 877 291 951 es?
307 904 350 949 an
364 903 522 965 somnus,
542 876 602 978 qui
621 905 655 951 se
672 875 758 952 mole
775 877 908 979 prebet
924 876 1065 966 amanti,

131 991 249 1066 Verba
266 991 325 1066 dat
341 992 378 1064 in
394 1009 515 1068 ventos
532 1022 612 1068 aure
629 991 766 1094 repulsa
784 995 868 1068 tua?

88 1108 147 1196 At,
163 1107 319 1196 memini,
333 1108 461 1209 primo,
482 1137 587 1209 quum
606 1127 638 1184 te
657 1108 764 1184 celare
780 1107 949 1198 volebam,

131 1222 282 1321 Pervigil
298 1225 334 1297 in
351 1224 468 1298 mediae
483 1224 594 1300 sidera
608 1225 719 1299 noetis
738 1255 821 1300 eras.

88 1343 243 1416 Forsitan
262 1358 297 1415 et
312 1359 423 1415 tecum
441 1358 500 1415 tua
516 1369 607 1416 nune
625 1341 806 1444 requiescit
821 1341 943 1416 amica:
1141 1364 1176 1434 45

131 1460 229 1534 Heu!
247 1455 369 1532 melior
387 1477 515 1560 quanto
534 1469 615 1533 sors'
630 1476 688 1532 tua
706 1477 797 1533 sorte
811 1461 905 1532 mea!
961 1508 963 1511 -

89 1574 281 1649 Dummodo
299 1576 365 1662 sic,
384 1576 421 1648 in
438 1604 491 1650 me
507 1575 598 1649 durae
613 1576 752 1649 transite
772 1592 905 1649 catena.

130 1693 302 1793 Tempora
318 1692 430 1766 noetis
447 1708 546 1780 eunt3
566 1710 685 1767 excute
703 1710 802 1794 poste
820 1719 938 1766 seram.
1032 1760 1035 1764 Α

90 1805 274 1882 Fallimur?
292 1837 334 1882 an
350 1837 447 1884 verso
467 1826 656 1884 sonuerunt
672 1808 807 1883 cardine
825 1810 964 1909 postes?
1139 1789 1145 1800 Ι

132 1927 318 2026 Raucaque
337 1953 508 2001 concussae
526 1926 623 2021 sigua
641 1925 762 2000 dedere
779 1925 895 1999 sores?

91 2039 268 2130 Fallimur-3
285 2040 431 2143 impulsa
449 2060 502 2116 est
517 2043 670 2116 animoso
686 2042 790 2141 janua
804 2058 916 2115 vento.

89 2253 179 2288 comm
189 2239 280 2288 comis.
297 2234 378 2290 Haud
390 2235 444 2290 scio
457 2254 491 2288 au
504 2254 561 2290 non
571 2235 607 2289 le·
656 2233 856 2302 dormientem,
870 2234 916 2303 qui
928 2234 1009 2303 possit
1019 2232 1052 2286 ad
1064 2233 1177 2287 amicam

90 2313 204 2382 gendum
222 2314 329 2384 potuit,
348 2333 395 2368 uec
415 2318 527 2368 madidis
538 2325 606 2383 eto,
656 2312 836 2368 introducere.
851 2311 936 2381 Quod
947 2313 984 2365 ita
997 2311 1123 2381 planum,
1136 2331 1177 2366 ex·

89 2393 222 2447 mindioet
234 2411 332 2448 aenon
341 2413 375 2447 eo
387 2394 539 2448 convivium
548 2413 607 2465 pro·
655 2410 743 2461 presse
761 2391 829 2445 adeo
847 2411 880 2445 ex
902 2391 964 2460 ipsis
983 2400 1069 2461 poetae
1090 2390 1178 2444 verbis

89 2471 188 2541 tulisse,
201 2490 369 2543 quocomuae
380 2472 514 2540 fluerent,
528 2476 607 2527 Iade·-
656 2470 758 2533 elucet,
783 2480 815 2525 ut
836 2469 1072 2541 interpretandum
1091 2469 1177 2523 libens

91 2551 608 2621 mturecapiteeonrivarum:quodut
656 2550 811 2617 omiserim,
824 2549 875 2604 nisi
883 2550 912 2603 in
921 2546 1125 2620 interpretando
1133 2548 1177 2601 alii
1277 2610 1280 2616 ¹

90 2630 183 2685 [atilius
204 2630 308 2696 fieret,
335 2650 441 2685 oorouae
464 2630 608 2701 unguentis
656 2629 849 2683 oberraverint.

88 2708 278 2765 irrorabantur.
301 2711 332 2764 Si
350 2730 416 2765 vero
433 2721 528 2781 sponte
550 2730 607 2765 non
690 2710 731 2778 43.
751 2712 834 2776 Qum
852 2713 975 2763 tecelam
987 2711 1113 2762 volebam.
1132 2706 1179 2759 Hc

89 2790 237 2857 mant,
250 2786 441 2844 scindebantur
454 2798 500 2843 aut
517 2789 608 2843 detra·
657 2792 742 2843 celare
762 2790 899 2851 nolebam,
927 2797 1031 2857 reptem
1048 2785 1180 2839 codices:

90 2864 236 2931 hebertum
257 2886 288 2921 ae
300 2866 429 2937 proinde,
447 2867 520 2921 velut
531 2867 608 2937 signo
658 2876 774 2936 quatuor
783 2903 790 2932 ‚
800 2870 961 2919 resolebau:
970 2876 1051 2918 reete.
1060 2862 1177 2927 Canace,

91 2942 161 3009 dato,
174 2945 353 2999 convivarum
365 2946 476 3015 quisque
488 2945 608 2999 effunde·
656 2946 720 2997 idn
732 2948 872 2997 celeremus
878 2964 964 2997 unum.
975 2944 1046 2997 Fast.
1058 2959 1099 3010 rr,
1115 2944 1178 3015 149:

90 3021 164 3077 batur
176 3025 204 3077 in
215 3024 353 3095 ampiexus
365 3025 438 3093 ejus,
449 3042 508 3093 quae
519 3024 609 3093 proxi-
661 3024 700 3075 U!
711 3029 785 3090 tm!
794 3026 845 3077 hoc
855 3026 970 3092 celetque
979 3027 1050 3075 varos
1063 3024 1178 3075 Fortuna

91 3118 132 3154 rna
141 3102 165 3155 ei
177 3102 317 3157 uidebat.
330 3102 458 3172 insignis,
471 3102 538 3155 etad
549 3120 609 3155 rem
658 3106 743 3155 virilis
755 3104 874 3155 Prestat.
885 3102 987 3156 Herus.

89 3191 207 3235 nostram
225 3181 374 3250 plurimum
386 3181 501 3248 faciens,
527 3180 609 3234 Tullii
690 3181 780 3249 47.1a
798 3200 839 3233 me
858 3180 928 3231 dure
944 3184 1055 3231 transite
1073 3182 1179 3231 cateuae.

90 3256 172 3325 luctu,
185 3260 296 3313 Tuscut.
316 3260 420 3329 Quaest.
431 3278 449 3313 v
462 3278 468 3313 :
484 3282 497 3305 κ
515 3258 609 3329 ltaque
661 3260 734 3311 Vere
744 3258 824 3328 igitur
832 3264 938 3318 catena,
950 3268 978 3309 et
984 3255 1178 3325 duraquidem,

91 3336 610 3407 nerpoichrosiliosadministratoresas·
659 3336 1180 3408 janitoremtimpeditus,quumexop-

91 3416 609 3486 pitiebat,neepienumartisargentum,
659 3429 699 3473 tet
715 3418 831 3473 Ovidius
852 3430 883 3472 ut
907 3418 934 3472 in
953 3420 1042 3489 ipsum
1059 3417 1180 3487 janitoris

14 3520 16 3531 =
90 3510 139 3546 nec
149 3512 264 3547 manum
277 3494 428 3563 porrigebat
437 3495 469 3547 ad
480 3514 610 3549 mensam.
658 3504 758 3550 talene
776 3504 926 3558 transeant,
946 3496 1047 3564 modo,
1068 3506 1099 3548 ut
1117 3494 1178 3559 ille,

89 3570 152 3625 Jam
165 3574 230 3643 ipre
240 3576 388 3641 defluebant
397 3594 526 3628 comae.»
659 3595 716 3628 cum
728 3580 815 3628 amata
823 3580 972 3645 requiescat.

121 3654 164 3716 4ι.
175 3655 340 3709 hareses?
360 3672 395 3705 an
408 3670 511 3707 somnus
522 3658 567 3722 qui
582 3659 608 3707 te
692 3656 733 3726 49.
746 3657 948 3709 ΡαΙΙὺιιανὲαιι.
963 3651 1056 3705 Codex
1066 3650 1177 3716 Donat,

89 3734 262 3799 ulepmbe!
271 3738 379 3785 amnti.
399 3732 509 3797 scribe,
527 3738 573 3802 qui
581 3752 610 3785 se
651 3730 799 3800 fallimus?
809 3739 864 3787 out.

90 3813 384 3878 nlepreteramnu':
397 3822 475 3879 atque
484 3812 519 3865 ita
528 3811 610 3864 codex
692 3814 733 3864 51.
748 3814 880 3865 Fallmur.
893 3811 967 3864 Male
978 3812 1006 3863 in
1017 3808 1121 3862 Aldinis
1133 3828 1180 3862 co-

90 3884 191 3942 Douzae
202 3928 210 3953 ,
223 3899 251 3941 et
262 3890 378 3943 Sarrarii
389 3928 396 3954 ,
409 3900 437 3942 et
448 3888 611 3943 Amrndelia-
660 3886 761 3942 ditibus
773 3890 962 3958 interrogative
978 3887 1089 3958 legitur:
1100 3906 1180 3957 supra

90 3984 149 4021 nus.
159 3967 260 4022 Hmts.
268 3968 352 4022 Recte
363 3966 522 4029 additmale,
533 3969 609 4038 quia,
660 3968 733 4020 enim
750 3969 914 4039 interrogat;
932 3967 976 4020 hic
993 3978 1085 4020 autern
1104 3966 1179 4019 affir-

91 4053 160 4097 teste
175 4044 271 4099 Servio
281 4045 313 4099 ad
326 4047 401 4116 Virg.
416 4064 450 4113 x,
466 4047 531 4099 AEn.
543 4047 612 4115 321,
659 4058 715 4100 mat
724 4066 730 4100 :
739 4048 812 4101 unde
823 4058 963 4101 eteausam
971 4047 1076 4113 reddit,
1089 4046 1181 4099 dicens

86 4123 273 4188 preben'bona
285 4122 422 4178 dicuntur,
434 4152 468 4165 ·-
477 4126 522 4178 Aa
533 4144 610 4177 som·
658 4130 827 4194 rtnputraeto
841 4127 962 4179 Mam—
974 4129 1106 4179 Ammso.
1119 4124 1181 4179 Ad-

91 4218 155 4259 m,
170 4206 529 4271 quisemlepmbetamanlr'.
537 4203 609 4257 Nihil
659 4225 730 4259 verso
743 4205 934 4274 Neapolitanus
947 4225 954 4258 :
967 4204 1039 4275 quod
1051 4215 1111 4274 apte
1125 4202 1181 4272 qui-

14 4346 16 4349 ·
92 4278 195 4333 manti
207 4280 296 4351 peius,
311 4300 393 4351 quam
404 4280 478 4337 illum
488 4282 608 4344 invenire
659 4282 721 4337 dem
735 4284 857 4354 explicari
870 4294 975 4353 potest,
989 4282 1180 4337 etolimetiam
1273 4280 1279 4286 '
