3009 5000
313 474 357 560 34
583 455 634 540 Ῥ.
664 471 847 544 OVIDII
871 469 1121 541 Nasonis·

315 683 1392 719 m

640 821 881 910 ELEGIII
911 822 1052 908 VIII.

310 1195 405 1239 rentur
424 1194 626 1250 exsecremur,
647 1197 714 1250 quae
734 1197 852 1237 enecare
869 1196 992 1238 aarum
1008 1197 1197 1238 unererens
1217 1195 1390 1239 conamur

753 1287 928 1326 rresrnuene.
939 1273 952 1300 *

310 1420 403 1526 EST
422 1444 586 1548 quaedam,
607 1447 809 1548 quicumque
824 1445 915 1520 volet
933 1475 1134 1543 cognoscere
1153 1446 1284 1540 lenam,

356 1562 498 1649 Audiat,
518 1579 569 1636 cst
587 1563 753 1663 quedam,
771 1563 907 1637 nomine
922 1564 1065 1664 Dipsas,
1085 1592 1178 1638 anns.

307 1685 360 1756 Ex
375 1709 410 1754 re
427 1706 550 1752 nomen
567 1677 671 1752 habet
686 1680 797 1774 :nigri
814 1708 885 1752 non
903 1678 959 1753 illa
975 1697 1145 1780 parentem

356 1795 550 1869 Memnonis
568 1795 603 1868 in
621 1795 728 1869 roseis
746 1795 859 1870 sobria
873 1795 958 1868 vidit
976 1796 1082 1896 equis.

307 1909 370 1987 Illa
386 1941 499 2004 magas
518 1927 621 1998 artes,
641 1912 798 2011 AEaeaque
817 1911 962 1996 carmina
978 1912 1092 2000 novit,

355 2030 463 2128 Inque
479 2049 582 2128 caput
598 2027 731 2128 rapidas
750 2045 819 2102 arte
833 2046 986 2102 recurvat
1002 2055 1115 2128 aquas.

308 2145 379 2219 scit
396 2145 481 2218 bene
501 2143 584 2245 quid
603 2173 758 2239 gramen,
777 2143 858 2246 quid
876 2161 964 2218 torto
981 2143 1113 2218 concita
1129 2141 1275 2218 rhombo

339 2367 352 2392 *
369 2365 410 2418 Ut
418 2365 515 2418 Noster
523 2363 709 2433 Propertium,
721 2365 766 2434 qui
777 2381 821 2434 w,
871 2372 912 2421 arel
926 2366 1043 2430 Kolone,
1063 2373 1175 2424 toramen«
1186 2364 1258 2434 ἇυτῂν
1269 2365 1386 2440 peplisq-

307 2445 421 2515 Eleg.r,
432 2443 679 2513 argumentumlroc
688 2445 822 2509 tractavit,
871 2465 925 2508 eor,
941 2451 992 2494 etc.
1005 2441 1077 2494 Hinc
1088 2440 1169 2511 igitur
1175 2441 1277 2504 AEaens,
1290 2461 1321 2503 a,
1334 2461 1386 2494 um.

305 2525 341 2577 sic
355 2521 474 2590 Elegiam
487 2520 556 2573 hauc
567 2521 683 2574 imitatus
695 2532 750 2588 est,
772 2540 824 2575 nec
872 2519 966 2588 Quare
981 2520 1056 2572 120
1067 2525 1201 2586 camolia,
1224 2538 1281 2573 uon
1297 2521 1387 2574 solum
1477 2512 1482 2519 ⁵

305 2618 362 2653 uno
376 2600 402 2651 iu
415 2598 472 2650 loro
487 2597 609 2663 fideliter,
623 2609 650 2651 et
663 2597 695 2649 ad
710 2598 822 2651 verbum
872 2598 978 2660 Circes,
994 2617 1052 2668 qua
1062 2610 1089 2653 et
1098 2599 1152 2669 ipsa
1163 2619 1194 2653 ex
1206 2596 1312 2653 Colchis
1321 2620 1389 2670 pro-

305 2677 431 2747 expressit
446 2677 564 2731 satiricus
585 2686 676 2730 noster
695 2680 820 2744 Καρίῃ,
870 2677 951 2743 lecta,
963 2676 992 2729 iu
1007 2676 1110 2729 ltaliam
1122 2676 1196 2730 venit
1208 2696 1214 2729 :
1226 2675 1272 2729 sed
1286 2687 1314 2730 et
1326 2678 1388 2732 Me-

306 2758 355 2811 Sat
368 2771 429 2808 xm.
450 2755 586 2807 Nonnulla
603 2756 683 2809 etiam
695 2758 820 2818 Molibre,
871 2753 928 2807 deae
947 2754 1140 2809 incantationes
1159 2754 1285 2808 hocloco
1306 2757 1403 2827 aecipi'

304 2836 334 2890 in
348 2836 392 2888 illo
409 2834 537 2887 Dramate
549 2833 659 2900 eximio,
678 2834 719 2887 cui
732 2834 822 2889 titulus
871 2844 988 2903 possunt.
1007 2834 1070 2886 Fuit
1082 2844 1109 2887 et
1121 2834 1202 2887 altera
1213 2836 1279 2901 ΕΑ,
1298 2832 1389 2887 Thes·

305 2904 408 2967 PE'colc
419 2915 465 2964 des
474 2915 602 2979 hmines,
619 2911 676 2964 Act.
689 2928 729 2978 11,
743 2912 785 2965 Sc
798 2913 822 2966 fe
870 2909 946 2976 salis,
959 2911 1035 2977 cujus
1043 2910 1186 2980 Sophocles
1195 2911 1254 2964 alibi
1262 2912 1389 2965 meminit

342 3013 364 3043 a.
382 2993 483 3058 llr'psas
499 3010 572 3043 anus.
593 2988 663 3057 Quae
673 2990 774 3058 Dipsas
794 2990 822 3042 in
870 2986 911 3041 his
920 2987 1006 3041 verbis
1018 2981 1084 3053 :rige
1092 2996 1127 3048 τὶς
1139 2997 1186 3044 At«
1196 2992 1319 3044 oscelam
1326 3014 1388 3043 eae·

306 3070 424 3135 Nasone,
433 3068 675 3122 Mscn‘rrxeadem
686 3067 756 3137 apud
764 3087 823 3122 nos·
870 3072 966 3141 stipae,
977 3076 1026 3119 etc.
1039 3077 1131 3119 auctor
1142 3066 1213 3120 idem
1225 3066 1387 3136 Stephanus

305 3158 411 3201 tratem.
420 3149 520 3214 Dipsas
528 3158 640 3200 autema
655 3149 821 3217 deprimsitao,
871 3140 976 3195 Mlffln
996 3144 1132 3212 Ct'rceaque
1147 3150 1280 3205 camina,
1298 3145 1388 3217 prima

305 3237 416 3296 propter
427 3225 496 3279 sitim
510 3236 679 3295 perpetuam,
692 3245 772 3295 quam
781 3226 823 3279 isti
871 3220 973 3290 editio,
1001 3233 1122 3292 excerpta
1149 3224 1263 3277 Puteani
1285 3234 1312 3276 et
1339 3244 1387 3279 sex

308 3304 404 3372 objicit
418 3304 462 3357 Sir.
474 3322 579 3373 quoque
592 3314 701 3357 vocatur
712 3322 824 3374 serpen-
870 3300 967 3369 scripti.
976 3302 1068 3352 -1lla
1075 3308 1239 3369 magasartes
1247 3311 1296 3354 etc„
1308 3300 1389 3356 Con-

307 3392 367 3435 tum
392 3379 526 3450 quoddam
547 3401 647 3451 genus,
673 3382 735 3450 qui,
758 3400 823 3450 quos
871 3380 1387 3450 serPropertlib.1V,El.5,av.5,adao.

309 3479 400 3513 morsu
414 3459 522 3524 laeserit,
540 3452 581 3511 siti
594 3469 701 3523 enecat,
714 3459 756 3511 siti
768 3459 822 3527 ipse
904 3460 928 3512 6.
943 3462 1073 3528 Le‘pur'das.
1085 3463 1205 3528 Rapidos
1215 3480 1284 3515 unus
1294 3460 1389 3515 Medi-

299 3538 461 3592 combustus
470 3535 617 3604 inexplebili
634 3555 640 3587 τ
655 3541 682 3587 eir
691 3539 783 3589 mediis
789 3541 824 3588 εἰ·
871 3560 933 3594 cens
944 3560 1006 3594 cum
1018 3542 1144 3611 excerptis
1156 3542 1296 3606 Politiani;
1313 3543 1389 3611 quod

309 3616 637 3681 {lebarlDepsadesundeLe
648 3614 711 3667 Luc.
720 3614 823 3679 rx,t⁴)ro.
871 3619 954 3689 magis
966 3618 997 3671 ad
1010 3638 1077 3672 rem.
1088 3621 1189 3674 Horres.
1212 3619 1292 3674 Certe
1305 3622 1390 3690 maio·

342 3696 365 3747 3.
374 3698 504 3761 Il'e'pn'non
514 3696 562 3745 atla
567 3700 698 3761 parentem
707 3694 825 3747 dinanno·
871 3716 930 3749 rem
943 3716 1025 3766 magae
1035 3700 1180 3767 potentiam
1191 3699 1320 3769 exprimit.
1332 3700 1365 3753 B.

307 3777 351 3823 rra's
362 3782 409 3825 etc
432 3770 593 3840 periphrasis
607 3769 752 3823 admodum
764 3772 824 3823 ele·
906 3796 928 3846 7.
946 3775 1077 3828 Scr'lbcae
1078 3816 1125 3828 .....
1138 3779 1392 3845 perlitodoconcita

309 3868 389 3921 gans,
405 3859 434 3901 ut
447 3849 530 3901 dicat:
543 3850 636 3901 sircam
651 3868 732 3901 anum
747 3850 824 3902 istam
872 3855 975 3906 rhombo
987 3858 1057 3906 licia.
1076 3854 1289 3907 Instrumentum
1302 3857 1393 3923 quod·

309 3946 404 3983 aurora
420 3948 566 3998 numquam
578 3928 762 3999 deprehendit.
873 3928 936 3982 darn
953 3931 1086 3999 magicum
1099 3934 1230 3991 rhombus,
1254 3952 1308 4001 quo
1323 3942 1392 3986 ute—

342 4010 365 4059 5.
377 4008 430 4057 Illa
441 4026 530 4073 magas
540 4014 625 4063 artes.
640 4010 759 4077 AEoeaquc
770 4027 825 4060 cae·
872 4006 971 4060 bantur
978 4007 1102 4062 mulieres
1110 4009 1244 4065 malefice.
1252 4010 1392 4067 Theocrit.

309 4091 380 4139 mitra
392 4091 469 4136 novel.
482 4093 543 4147 Δὶα,
557 4087 642 4155 inquit
656 4084 823 4155 Stephanus,
874 4086 950 4159 ldyll.
960 4097 992 4154 B,
1006 4089 1059 4141 30:

310 4168 491 4230 ealeeKe'Ixtua,
503 4166 826 4232 leeleieeaee'eeixaoeoefeidaoe
873 4170 929 4227 Χῶς
945 4167 1022 4221 dniel'
1036 4171 1073 4221 ide
1088 4173 1184 4243 stipatae,
1204 4172 1215 4225 l
1231 4172 1343 4238 χᾶλὶιος,
1365 4173 1393 4240 ἔξ

309 4244 443 4317 epinicea,
457 4245 628 4316 ἣνκιριρῤέουτι
637 4252 748 4310 memet,
761 4237 825 4302 Ietae
941 4251 1085 4320 Appsdr'roee,
