3009 5000
371 461 432 526 108
642 449 684 524 P.
722 457 898 528 OVIDII
926 455 1151 530 NASONIS

411 599 566 700 Tutaque
584 597 738 702 deposito
756 601 909 702 poscitur
924 629 1000 677 ense
1016 603 1120 677 rodis.

363 713 421 788 Me
440 742 590 815 quoque,
611 715 669 815 qui
688 716 788 790 toties
801 718 908 790 merui
924 717 988 791 snb
1006 746 1118 791 amore
1135 716 1271 818 puellae,

411 829 616 904 Defunctum
631 829 761 930 placide
778 833 886 905 vivere
904 850 1037 934 tempus
1053 852 1133 907 erat.

364 947 469 1036 Vive,
487 947 569 1021 deus
586 948 699 1050 posito
716 949 745 1022 si
762 951 838 1050 quis
853 949 937 1024 mihi
952 951 1041 1026 dicat
1056 981 1185 1041 amore;
1396 960 1424 1025 εἴ·
1463 1043 1467 1052 ⁴

412 1065 580 1166 Deprecer
594 1095 602 1138 τ
616 1093 723 1167 usque
740 1066 823 1141 adeo
840 1065 937 1141 dulce
950 1067 1064 1168 puella
1078 1068 1204 1144 malum
1220 1071 1290 1144 est!

364 1179 479 1278 Quum
496 1181 582 1256 bene
596 1201 775 1284 pertaesum
791 1201 858 1270 est,
878 1184 1057 1286 animoque
1073 1182 1242 1280 relanguit
1256 1183 1370 1270 ardor,

411 1295 533 1369 Nescio
552 1325 620 1397 quo
638 1297 765 1371 miserae
782 1298 916 1372 turbine
934 1300 1056 1373 mentis
1070 1326 1161 1394 agor.
1199 1361 1205 1373 .

362 1421 412 1493 Ut
426 1421 515 1523 rapit
531 1421 568 1494 in
585 1449 732 1524 praeceps
749 1422 938 1510 dominum,
957 1424 1148 1526 spumantia
1166 1423 1292 1499 frustra

410 1545 517 1618 Frena
534 1562 767 1634 retentantem,
786 1546 904 1622 durior
921 1548 990 1621 oris
1007 1575 1133 1650 equus:
1246 1531 1255 1543 ³
1400 1570 1428 1621 30

364 1668 412 1738 Ut
429 1667 580 1757 subitus,
598 1698 705 1771 prope
719 1669 788 1768 jam
803 1699 924 1771 prensa
941 1668 1080 1760 tellure,
1098 1670 1244 1745 carinam

363 1871 442 1926 simul
454 1882 481 1926 et
498 1873 638 1942 praemium
657 1874 831 1928 inventurum
848 1896 876 1930 se
924 1895 973 1946 prus
990 1885 1064 1944 erat,
1086 1875 1114 1929 id
1131 1885 1188 1942 est,
1207 1875 1263 1942 jam
1279 1873 1389 1926 liberum
1405 1882 1428 1924 et

363 1949 412 2004 sibi
425 1949 577 2020 gratulatur.
590 1952 647 2006 Nec
659 1953 747 2006 minus
760 1965 819 2024 apte
829 1958 877 2007 de·
924 1952 1042 2023 deposita
1060 1955 1118 2024 ejus
1135 1952 1280 2023 cupiditate
1302 1961 1329 2004 et
1344 1967 1427 2003 amore

363 2033 483 2084 ducitur:
495 2031 614 2085 veterani
626 2032 717 2098 enim,
737 2033 832 2101 quibus
843 2033 876 2086 ad
923 2031 1074 2085 immunem
1095 2042 1122 2084 et
1142 2032 1215 2101 quasi
1234 2029 1376 2084 emeritum
1389 2027 1427 2077 vi·

361 2120 471 2180 septena
491 2112 583 2180 jugera
600 2109 825 2182 adsignabantur,
847 2114 876 2166 in
925 2125 998 2164 vere.
1011 2109 1140 2164 Francius
1147 2109 1265 2174 volebat,
1283 2110 1428 2170 Emeritam

362 2187 477 2242 colonias
489 2191 684 2243 deducebantur.
925 2187 973 2242 sed
985 2189 1021 2241 ita
1032 2189 1123 2242 omnia
1135 2189 1195 2242 licet
1204 2188 1369 2241 deformare:
1378 2203 1426 2238 non

394 2287 435 2318 su.
453 2268 568 2336 Tutaque
576 2271 692 2336 deposito
704 2279 752 2322 etc.
765 2267 809 2321 De
816 2271 878 2321 nde
926 2266 1062 2321 reticenda
1070 2267 1261 2336 quoqueleetio
1271 2266 1427 2321 Francoturt.

291 2357 293 2373 ¹
363 2346 459 2417 agitur,
472 2364 523 2415 qua
530 2347 699 2402 donabantur
710 2348 876 2417 gladiatores,
928 2345 1023 2416 Regii,
1048 2346 1149 2399 Moreti
1168 2355 1195 2399 et
1209 2345 1323 2399 Palatini
1339 2345 1428 2409 unius,

362 2423 408 2477 ubi
421 2434 507 2478 artem
516 2436 677 2496 castumque
690 2426 876 2495 deponebant;
927 2431 973 2491 qur·
981 2428 1057 2476 toties
1068 2429 1162 2476 morior
1169 2426 1217 2476 sub
1225 2443 1324 2486 amore,
1342 2431 1371 2474 ut
1381 2421 1430 2474 die·

363 2514 392 2558 et
411 2509 492 2557 tutam
510 2503 590 2571 dicit,
612 2506 672 2575 quia
692 2504 798 2558 nullum
818 2505 878 2575 ipsis
928 2511 987 2554 tum
1004 2502 1038 2555 sit
1058 2502 1154 2556 eodem
1169 2521 1267 2570 sensu,
1291 2521 1344 2572 quo
1356 2506 1430 2569 perire

364 2590 454 2651 postea
473 2582 533 2636 rite
552 2581 707 2651 periculum.
725 2582 770 2637 sic
786 2594 878 2637 meta-
926 2578 1021 2633 millies
1032 2591 1152 2634 amantes
1162 2580 1296 2634 dicuntur.
1307 2581 1401 2633 Bou.

363 2659 471 2729 phorice
484 2662 579 2714 Horat.
597 2660 679 2731 Epist.
688 2661 731 2714 lib.
743 2676 774 2727 t,
790 2682 799 2713 r
813 2700 821 2728 ,
843 2683 877 2728 2,
960 2660 1149 2729 spatularum
1158 2666 1275 2713 nouauit
1283 2663 1363 2713 ardor.
1375 2658 1430 2711 Au·-

363 2740 484 2791 donatum
496 2759 523 2792 se
525 2739 585 2807 sium
592 2742 653 2791 rude
661 2738 730 2791 dicit
741 2737 879 2792 Caeterum
928 2758 1016 2808 uroque
1027 2744 1155 2809 relarguit
1162 2743 1245 2802 ardor,
1260 2742 1430 2794 Puteaneusa

363 2814 421 2869 htec
427 2817 517 2870 omnia
529 2837 543 2870 e
555 2818 675 2887 Propert
687 2816 808 2870 desumto
815 2855 823 2883 ‚
840 2832 878 2882 rt,
928 2836 1011 2870 manu
1021 2818 1124 2887 prima;
1137 2818 1184 2872 sed
1193 2818 1380 2882 emendatum,
1391 2832 1430 2867 re-

364 2894 406 2947 El
417 2898 611 2963 xrx,4r‚nemo
617 2914 672 2949 non
678 2893 880 2948 animadvertet:
927 2902 1030 2963 sauuat,
1043 2916 1131 2965 neque
1144 2894 1220 2949 aliter
1230 2896 1431 2949 Arundelianus:

363 2990 425 3030 uite·
432 2992 619 3043 taposiri-unm
626 2992 788 3039 uero-ramis,
928 2973 1321 3043 quomodoetlib.1rlm.‚El.x
1334 2990 1431 3042 :quau-

388 3065 533 3117 cnud-vique
541 3074 610 3117 negant
618 3066 690 3105 duom
697 3066 836 3105 mtrtbom.
928 3071 1010 3121 quam
1018 3050 1166 3106 hoclocoid
1173 3052 1343 3105 verblmlntss
1349 3060 1430 3121 fipiflffl

364 3140 458 3179 Puri-er
466 3140 487 3177 in
495 3139 809 3191 mearaqumtrmimm,
928 3130 1034 3184 videtur
1045 3148 1052 3183 ι
1064 3130 1107 3183 alii
1119 3128 1238 3196 codices,
1251 3137 1363 3184 evanuit.
1385 3129 1417 3182 ll.

389 3214 416 3252 le
427 3222 484 3253 ΜΝ
492 3214 512 3252 ⁵¹¹
519 3215 594 3265 nupto
601 3212 671 3251 &¹²³oe
679 3226 745 3264 effi
752 3220 816 3251 ’Μ
962 3228 1002 3281 ao
1015 3210 1171 3277 Spuaeuutr'a.
1180 3208 1308 3263 Francius
1317 3208 1430 3269 malebat,

365 3289 461 3341 Panna
478 3287 552 3341 enim
568 3287 658 3341 militis
676 3297 753 3353 erat,
777 3295 805 3339 et
819 3283 880 3355 gla-
927 3292 1094 3356 stramentio,
1112 3287 1192 3340 nimis
1203 3286 1335 3341 audacter.
1358 3285 1431 3340 Pala·

368 3364 486 3419 diatoris.
928 3365 1016 3432 tinus,
1033 3371 1184 3433 pugnantia.

400 3444 440 3496 23.
462 3444 507 3495 Me
524 3462 618 3513 quoque
637 3454 686 3497 etc.
716 3442 814 3495 Meteri
833 3442 880 3493 sut
962 3444 1002 3497 31.
1014 3448 1075 3497 Jauu
1084 3464 1179 3513 prensa
1191 3446 1289 3498 tellure.
1303 3442 1432 3497 Editiooes

366 3540 452 3575 aurore
460 3526 556 3590 ,uuelloe
567 3521 633 3574 mihi
645 3540 700 3573 non
714 3520 807 3590 placet.
831 3520 881 3571 Sut
928 3521 1019 3593 prisca
1031 3535 1058 3577 et
1068 3524 1175 3593 plurimi
1186 3524 1276 3593 scripti
1283 3542 1375 3591 pressu
1385 3521 1431 3573 lta·

364 3606 452 3669 utr'quo
468 3606 560 3653 meren*
573 3600 669 3670 passim
686 3597 755 3669 apud
775 3597 881 3650 Livium
929 3601 1015 3664 bent3
1040 3621 1137 3668 prensa
1157 3602 1270 3671 probant
1294 3601 1394 3655 Marius
1410 3606 1433 3649 et

366 3689 395 3733 et
406 3680 469 3733 alios
480 3681 602 3733 occurrit.
613 3680 687 3732 Suet.
698 3676 765 3731 Cas.
776 3678 792 3729 3
803 3696 810 3728 :
821 3678 882 3727 dte-
931 3678 1059 3733 clotarius
1070 3698 1077 3733 :
1090 3690 1233 3749 utrumque
1248 3680 1359 3750 quidem
1371 3686 1433 3731 recte

366 3764 419 3812 ruit
429 3765 457 3811 et
471 3762 518 3811 sub
533 3760 639 3814 Seruilio
650 3760 766 3811 lraun'co
777 3776 786 3808 .·
799 3774 880 3824 quare
930 3758 1042 3825 dioitur,
1061 3758 1108 3811 sed
1120 3758 1222 3812 diversa
1235 3756 1432 3830 significatione:

368 3836 485 3907 legerem
498 3856 504 3889 :
925 3856 1019 3906 pressu
1028 3836 1102 3889 enim
1114 3835 1192 3889 tellus
1203 3847 1259 3903 est,
1270 3838 1315 3891 cui
1326 3837 1381 3903 iam
1392 3832 1432 3884 in-

367 3927 494 3979 Mequoqus,
502 3928 600 3979 quitertiae
608 3926 883 3977 msmirubAmon,poell=
929 3916 1048 3978 ὅίιῑὶωῐς
1065 3914 1113 3968 Μ]
1127 3914 1336 3982 prekttlt'tml)
1348 3907 1435 3980 adpel·

392 4000 514 4039 Deferuntur:
524 4001 600 4053 pteuide
608 4002 675 4040 vivers
684 4007 819 4051 tempnunt.
929 3993 1044 4047 lentibus
1050 3993 1146 4060 nautis,
1154 4012 1237 4061 quum
1243 4012 1324 4063 prope
1330 3994 1435 4059 turmot

369 4073 426 4128 Sub
438 4073 555 4141 Amore,
574 4076 628 4128 sive
643 4073 797 4144 Cupidine,
818 4093 883 4127 rne-
931 4072 1067 4136 manibus,
1084 4072 1216 4124 ettonem
1228 4068 1369 4140 religanda
1381 4062 1434 4118 nati

368 4162 459 4205 ruerat
467 4153 541 4205 miles
549 4163 648 4219 noster,
658 4163 688 4206 ut
698 4154 799 4207 centies
811 4152 881 4206 dicit
929 4160 1040 4221 possunt
1050 4151 1169 4219 injicere.
1183 4154 1266 4218 Prope
1276 4162 1432 4218 conprensa·

368 4230 527 4301 Defunctum
540 4235 629 4299 puella
639 4232 695 4301 jam
707 4233 796 4285 vivere
806 4241 883 4285 tem-
931 4228 1014 4283 codex
1026 4228 1134 4283 Douuoe.
1147 4228 1246 4283 Busta.
