3009 5000
302 441 542 510 AMORUM
572 443 627 510 ll.
657 443 809 510 ELEG.
839 441 949 515 xlv.

96 585 175 681 Qua
188 584 296 686 prima
313 583 464 658 instituit
481 599 616 658 teneros
635 582 823 660 convellere
837 584 959 677 loetus,

30 719 31 794 J
141 697 259 773 blilitia
273 699 385 774 luerat
402 698 505 796 digna
520 699 629 800 perire
648 727 717 775 sua.

30 893 32 908 ,
95 815 238 906 Scilicet,
255 835 296 891 ut
313 835 423 892 careat
441 845 604 913 rugarum
622 817 762 894 crimine
777 835 910 908 venter,

30 989 31 1044 l
93 1004 179 1058 dentes
193 1003 301 1074 periculi
324 1002 396 1074 quod
417 1011 552 1072 tractant,
573 1013 600 1058 et

93 1094 200 1138 mortem
210 1083 275 1138 inde
287 1084 382 1154 parari.
391 1081 599 1150 Eudemum,

30 1159 31 1168 ¹
94 1163 158 1215 Fati.
168 1179 194 1229 1,
206 1162 257 1215 523
268 1181 275 1217 t

92 1252 146 1292 run
153 1253 202 1292 daret
211 1261 279 1304 partus
286 1281 293 1300 ,
310 1252 351 1292 ietu
358 1251 462 1290 tememia
470 1263 524 1290 coero

114 1326 221 1366 Visceribus
229 1337 319 1366 meur
329 1325 442 1366 excutiebat
454 1337 511 1364 muas.

121 1403 145 1453 5.
158 1402 215 1467 (lua
222 1404 308 1468 patna
315 1404 428 1453 rustilur'!
434 1410 482 1452 etc
494 1399 561 1452 dure
569 1399 599 1454 in

91 1478 157 1532 illam
167 1477 309 1546 invehitur,
320 1497 379 1547 quae
387 1479 473 1548 prima
483 1477 535 1532 boc
546 1499 599 1532 sce·

30 1615 31 1620 ,
90 1557 146 1612 leris
154 1567 302 1610 monstrum
316 1557 428 1611 tentavit
438 1556 597 1626 admittere,

89 1634 115 1688 in
127 1635 193 1704 quod
210 1635 280 1706 leges
298 1636 448 1706 gravissime
461 1647 489 1690 et
501 1637 598 1690 merito

90 1715 235 1780 cariem
243 1715 391 1770 necminus
397 1715 599 1786 mulieres,quae

30 1803 31 1806 ’
90 1803 240 1863 conceptum
247 1794 277 1848 in
289 1804 367 1848 utero
378 1794 510 1849 tutantem
521 1799 600 1848 abor-

90 1877 144 1924 tr're’s
153 1863 279 1942 expellere
292 1873 452 1942 tentabant,
466 1876 603 1929 homicidii

90 1969 138 2002 ηε
157 1949 335 2016 tenebantur,
356 1971 437 2021 quam
456 1953 477 2006 si
494 1953 598 2007 editum

90 2028 281 2084 interfecissent.
303 2029 361 2100 Qui
376 2049 441 2084 vero
457 2035 599 2086 abortiunt

91 2107 207 2176 poculum
220 2107 286 2164 dant
298 2129 305 2164 ι
320 2131 334 2156 α
344 2111 408 2162 Etsi
416 2113 475 2164 dolo
487 2111 598 2180 uorsa-

91 2192 167 2249 ca'rut,
177 2198 284 2256 tamen,
296 2189 357 2258 quia
367 2187 430 2241 mali
439 2189 550 2260 exempli
558 2209 600 2244 res

30 2303 31 2306 ,
92 2276 141 2327 est,
157 2265 310 2320 humiliores
328 2272 355 2320 r'u
374 2271 502 2321 metallum
515 2287 525 2336 ,·
544 2267 600 2321 ho-

30 2347 32 2370 *
91 2345 209 2402 rectiores
220 2347 248 2400 in
260 2346 377 2401 insulam
390 2387 399 2415 ,
420 2353 519 2400 aarum
526 2355 601 2415 pade

90 2427 214 2488 tuorum,
237 2425 400 2496 relegantur.
421 2425 546 2494 Quodsi
567 2445 600 2480 eo

89 2502 179 2557 mulier
192 2515 238 2558 aut
249 2504 334 2559 borno
351 2504 461 2575 perierit
475 2544 483 2573 ,
504 2523 601 2559 summo

90 2585 208 2649 supplicio
215 2582 387 2638 adficiuntur.
400 2606 414 2631 »
427 2584 511 2639 Pautt
523 2584 599 2651 38,5.

92 2656 173 2714 Exstat
185 2680 216 2715 ea
227 2661 262 2715 de
274 2681 304 2715 re
315 2662 426 2733 iusignia
438 2660 550 2716 Tertull.
558 2662 600 2715 lo-

92 2756 143 2805 eus,
151 2739 178 2792 in
187 2740 300 2811 Apolog.
309 2759 391 2810 quem
399 2740 545 2795 adductum
556 2740 600 2795 bie

91 2834 164 2871 nemo
174 2838 236 2873 saue
254 2838 313 2873 non
325 2819 392 2873 milri
406 2818 600 2891 gratulabitur:

92 2916 103 2938 a
110 2894 193 2951 Etiam
200 2909 360 2967 conceptum
370 2908 457 2965 utero,
467 2898 534 2951 dum
541 2918 599 2953 sau·

92 2974 142 3041 guis
156 2976 336 3031 inhominem
350 2975 526 3043 deliberatur,
539 2976 600 3031 dis-

92 3051 183 3107 solvere
199 3074 254 3109 non
268 3055 339 3110 lieet.
360 3056 505 3109 Homicidii
519 3054 599 3109 sesti-

93 3132 157 3185 uatio
164 3133 449 3204 ast,probibereuasci;
459 3152 510 3187 nec
515 3134 600 3187 refert

94 3219 175 3263 uatarn
185 3214 243 3282 quis
249 3212 345 3281 eripiat
352 3211 481 3279 animatu,
494 3230 528 3265 au
537 3230 601 3266 nae·

93 3300 190 3345 oeutern
199 3290 324 3345 deturbet
336 3310 343 3343 z
356 3290 439 3344 homo
449 3300 504 3357 est,
519 3289 600 3359 etqui

93 3364 187 3423 futurus
201 3381 259 3437 eet,
277 3381 306 3424 et
324 3371 427 3425 fructus
439 3369 556 3424 hominis
570 3372 599 3424 iu

93 3447 185 3502 emine
194 3461 240 3503 eat.
253 3472 268 3497 ι
278 3450 342 3502 Μαι
349 3447 393 3503 bic
401 3448 499 3521 impius
508 3460 600 3503 ortum

93 3520 146 3577 iude
164 3529 259 3597 repisse
275 3529 376 3595 fertur,
395 3527 467 3598 quod
484 3547 597 3599 carpen-

93 3608 174 3657 lorum
181 3626 242 3661 uuus
250 3607 380 3661 matribus
387 3607 505 3661 romanis
512 3608 599 3661 luerat

93 3694 196 3749 ereptus.
213 3686 283 3739 Rern
295 3695 387 3739 narrat
399 3686 516 3753 Noster,
529 3686 552 3739 F
553 3696 599 3739 ast.

94 3754 152 3813 lfflru
165 3776 190 3829 t,
202 3764 271 3838 619:

93 3854 197 3911 Nupta
204 3864 385 3905 Ausouiesmtres
392 3862 597 3917 caeperunt-teat:

112 3932 157 3973 line
164 3950 240 3990 quque
248 3939 273 3977 ab
282 3938 371 3978 Evandri
379 3938 433 3979 diota
442 3946 523 3991 parente
534 3950 586 3978 reor.

95 4002 202 4051 ΙΠΙΙΜ
209 4012 298 4063 ἒήμᾛιη
304 4020 434 4065 mmmm
441 4010 530 4053 timim.
534 4012 599 4057 mli

114 4079 199 4131 Ιιμιιι
206 4087 259 4125 nulla
268 4089 322 4139 prote
330 4099 403 4126 novare
411 4086 471 4127 viros·

97 4160 362 4235 *Convelleresaetuu
370 4164 414 4220 stc
423 4165 450 4217 iu
461 4182 516 4217 uno
526 4163 598 4217 Mas·

97 4234 171 4293 leln-
187 4242 217 4298 ln
229 4244 326 4311 altero,
344 4248 464 4301 erellere:
476 4261 532 4297 nou
544 4241 598 4297 dis-

1113 471 1173 542 127

1158 613 1174 664 5

649 1003 735 1074 plicet
753 1003 835 1059 Ctor.
856 1007 1000 1061 Convellere
1011 1009 1100 1080 scripti
1113 1030 1168 1082 po-

648 1083 731 1137 tiores
743 1101 750 1136 :
762 1082 799 1138 sic
812 1082 897 1153 Epist.
908 1101 988 1154 mr,
1003 1107 1047 1140 ιιι
1064 1107 1071 1141 :

648 1169 722 1210 Desine
731 1170 799 1218 motte,
810 1183 888 1222 precor,
897 1171 964 1210 verbi·
972 1173 1082 1214 connum
1089 1185 1167 1228 peetus.

649 1239 832 1311 Metamorpb.
852 1257 902 1306 xt,
927 1243 974 1296 123
988 1264 994 1297 :

648 1324 831 1378 utvedqam‘ato
841 1325 1114 1380 medumpam
1125 1331 1157 1372 H.

649 1397 713 1451 Duo
732 1399 840 1470 scripti,
852 1402 970 1456 divellere
981 1422 990 1454 ε
1001 1403 1074 1473 quud
1086 1406 1170 1476 magis

647 1475 754 1547 placet;
779 1477 921 1533 visceribus
942 1481 1016 1534 euim
1039 1484 1171 1540 excutitur

648 1558 727 1611 scetus
735 1557 1025 1627 etdivellitur:itaxrv,
1032 1562 1099 1617 Met
1110 1569 1169 1620 115:

647 1637 820 1692 Suodrtellm
827 1644 925 1700 trunco,
932 1649 963 1692 ut
969 1641 1043 1695 estin
1049 1642 1131 1698 Mss.
1137 1645 1170 1698 Β.

683 1736 706 1785 7.
724 1718 842 1783 Scilicet,
853 1724 883 1770 ut
892 1725 1038 1774 careatetc.
1047 1720 1171 1776 Servavit

649 1791 753 1846 Gellius
766 1810 825 1858 nr,
841 1815 852 1847 ι
865 1835 874 1863 ,
887 1797 1014 1850 eximium
1024 1799 1169 1855 Plravorini

647 1870 800 1944 philosophi
819 1893 975 1930 sermonem
995 1876 1029 1930 ad
1052 1889 1169 1934 matrem

648 1949 742 2020 puellae
765 1951 925 2020 cuiusdam,
951 1974 1010 2030 pute
1029 1955 1113 2013 liliam
1135 1960 1170 2013 ab

648 2029 746 2084 alendo
761 2050 847 2101 puero
858 2034 1006 2088 conabatur
1017 2035 1170 2094 deterrere:

648 2129 662 2154 «
677 2107 737 2161 Oro
748 2118 790 2175 te,
803 2109 892 2180 inquit
903 2112 1091 2184 philosophus,
1104 2135 1169 2172 mu-

648 2183 714 2252 lier,
730 2187 788 2240 siue
800 2207 860 2240 eam
874 2199 957 2243 totam
967 2191 1100 2264 integram
1111 2215 1172 2249 esso

648 2274 765 2317 matrem
774 2264 822 2318 filii
832 2267 881 2320 eui.
894 2267 978 2336 Quod
987 2281 1028 2325 est
1035 2272 1108 2324 enirn
1116 2273 1169 2329 hoc

649 2351 743 2396 contra
753 2353 880 2397 naturam
891 2344 1079 2416 imperfectum
1087 2361 1168 2420 atque

648 2419 819 2474 dimidiatum
826 2423 1017 2495 matrisgenus,
1025 2429 1168 2499 peperisse,

649 2500 1167 2574 atquestatimabseseabjoeisse.,-·An

648 2587 680 2633 tu
699 2596 808 2648 quoque
821 2590 899 2650 putas
917 2593 1043 2638 naturam
1060 2585 1169 2641 seminis

649 2676 831 2713 mammarum
845 2662 941 2730 ubera,
954 2665 1027 2733 quasi
1036 2666 1167 2735 quosdam

648 2736 766 2791 uoevrrlos
773 2741 948 2809 venustiores,
957 2761 1013 2797 non
1020 2744 1168 2799 liberorum

649 2812 830 2885 alendorum,
852 2818 899 2872 sed
919 2821 1034 2875 ornandi
1052 2826 1167 2893 pectoris

648 2913 741 2962 causa,
752 2894 876 2951 dedisse?
889 2898 935 2951 Sic
946 2900 1022 2955 euim
1032 2902 1166 2973 pleraeque

647 2972 704 3027 istae
716 2973 873 3044 prodigiose
884 2977 1010 3033 mulieres
1020 2980 1126 3034 sontem
1138 2983 1167 3037 it·

648 3050 705 3105 luur
717 3052 914 3107 molissimum
924 3058 1052 3126 eorporis,
1061 3061 1168 3129 generis

649 3129 763 3185 humani
779 3130 971 3202 educatorem,
989 3137 1120 3191 arefacere
1139 3148 1166 3193 et

648 3208 815 3279 exstinguere
834 3230 899 3275 cum
917 3213 1035 3283 periculo
1058 3234 1166 3285 quoque

648 3287 732 3341 aversi
746 3289 919 3359 corruptique
934 3290 1009 3345 lactis
1022 3292 1165 3361 laborant,

648 3376 777 3434 tanquan
784 3368 989 3437 pulchritudiuis
995 3372 1043 3425 sibi
1053 3372 1166 3444 iusignia

648 3443 814 3501 devenustet!
822 3446 1167 3519 Quodquiderusaeiuutea·

646 3521 711 3577 dem
716 3524 849 3593 vecordia,
863 3547 915 3597 qua
925 3529 1082 3597 quibusdam
1093 3550 1166 3585 com·

646 3604 1166 3676 mentitiissraudibusnituutur,utsoetus

648 3700 755 3752 quoque
764 3683 813 3753 ipsi
823 3685 852 3737 in
862 3705 974 3756 corpore
983 3708 1032 3741 suo
1043 3690 1166 3759 concepti

648 3761 803 3816 oboriantur
816 3786 823 3828 ;
839 3783 875 3817 ue
884 3784 976 3836 aequor
987 3767 1052 3821 illud
1063 3770 1165 3827 renuis

647 3843 800 3914 irrugetur,
813 3864 844 3900 ac
854 3846 888 3899 de
901 3848 1028 3917 pratitae
1039 3850 1128 3904 oneris
1136 3860 1166 3904 et

646 3922 736 3975 labore
749 3934 840 3992 partus
850 3925 968 3990 fatiscat3
990 3925 1061 3996 quod
1077 3947 1164 3998 quum

647 3999 681 4053 sit
691 3998 795 4069 publica
806 4000 998 4070 detestatione,
1008 4006 1164 4059 communi-

648 4080 886 4151 queodiodiguum
892 4083 1163 4154 ete.»Vixquidqua1n

647 4180 679 4213 ea
686 4160 1001 4229 dereveherueutius,rel
1009 4162 1078 4233 apud
1085 4163 1164 4217 velte·

647 4239 803 4296 mentiseirn.
812 4242 840 4293 J.
848 4242 1025 4305 uuomseau,
1036 4241 1176 4321 invenire,
