3009 5000
303 460 372 547 416
585 462 625 527 r.
659 463 841 534 ov1u11
868 460 1102 533 nasonis

350 600 506 704 Cydippe
519 628 591 674 non
609 619 661 676 est
678 602 765 693 oris,
781 606 949 693 Homero,
969 606 1029 679 tui.

302 719 392 820 Quis
409 718 495 794 ferat
509 718 764 795 Andromaches
780 737 996 824 peragentem
1015 717 1145 797 Thaida
1162 724 1301 822 partes?

351 838 489 925 Peccat,
507 837 545 909 in
557 836 793 913 Andromache
810 838 943 913 Thaida
959 838 989 911 si
1007 836 1084 938 quis
1103 856 1189 933 agat.

303 953 408 1029 Thais
424 954 461 1028 in
480 953 564 1029 Arte
581 982 679 1029 mea:
694 955 830 1030 lascivia
845 953 953 1031 libera
970 970 1088 1029 nostra
1105 972 1166 1029 est.
1337 978 1383 1033 385

351 1067 410 1144 Nil
427 1069 512 1145 mihi
527 1100 605 1146 cum
620 1073 726 1147 vitta:
742 1072 848 1147 'l'haiis
864 1074 901 1147 in
916 1073 1001 1148 Arte
1019 1100 1091 1148 mea
1108 1090 1168 1149 cst.

305 1186 342 1261 Si
358 1215 432 1262 mea
444 1187 590 1262 materia
606 1189 793 1292 respondet
811 1190 911 1264 Musa
925 1189 1067 1288 jocosae,

355 1302 525 1391 Vicimus,
542 1319 575 1377 et
590 1302 667 1377 falsi
686 1304 837 1377 criminis
855 1322 928 1379 acta
945 1332 1002 1379 rea
1019 1320 1081 1379 est

306 1422 497 1522 Rumpere,
511 1419 599 1493 livor
615 1419 718 1507 edan
732 1421 801 1520 jam
818 1449 977 1517 maguum
995 1448 1120 1495 nomen
1134 1418 1316 1495 habemus!

357 1537 471 1637 Majus
490 1536 572 1626 erit;
589 1554 739 1626 tantum,
756 1566 824 1639 quo
842 1537 928 1639 pede
946 1537 1066 1641 coepit,
1082 1554 1145 1612 eat.
1341 1557 1388 1627 390
1407 1630 1410 1635 Ι

307 1660 375 1735 Sed
391 1660 534 1735 nimium
550 1687 713 1762 properas
730 1660 860 1735 :vivam
877 1660 998 1736 modo!
1013 1659 1113 1762 plura
1129 1656 1286 1749 dolebis;

356 1785 403 1857 Et
419 1783 559 1885 capiunt
572 1781 675 1856 animi
693 1782 840 1857 carmina
857 1782 965 1858 multa
983 1783 1058 1858 mei.

308 1908 396 1983 Nam
411 1907 524 2007 juvat,
542 1923 576 1980 et
593 1904 745 1981 studium
761 1904 856 1981 famae
873 1907 957 1981 mihi
974 1907 1094 1982 crescit
1111 1933 1245 1981 amore:

345 2128 403 2183 ets.
416 2125 631 2201 Cydippecuius
641 2126 830 2199 nominispoe·
874 2124 1391 2199 parrochianlsegehamaliquandopro

311 2226 356 2260 ma
367 2206 507 2275 scripserat
519 2202 715 2273 Callimachus,
728 2225 761 2260 ex
775 2224 829 2276 quo
878 2212 995 2261 camilia
1005 2210 1097 2269 multa,
1111 2210 1189 2260 culta.
1202 2206 1305 2259 llrrrs.

310 2286 461 2355 framenta
471 2284 504 2337 ah
516 2284 631 2353 antiquis
642 2282 830 2338 Grammaticis
911 2286 970 2360 393.
978 2284 1176 2353 Studiumsarae
1184 2285 1393 2337 m'le'cresca'lln

312 2365 437 2418 citantur.
455 2361 526 2415 Vide
538 2362 651 2416 celeber.
663 2362 829 2428 Bentleium,
878 2385 945 2420 rore.
964 2364 1034 2436 Lege
1045 2404 1052 2431 ,
1058 2364 1142 2433 firm
1154 2366 1268 2425 honore,
1283 2373 1314 2416 ut
1327 2360 1394 2433 apud

312 2440 346 2496 ad
362 2442 525 2514 Fragmenta
538 2438 711 2510 Callimachi,
728 2451 757 2495 et
770 2456 831 2512 qun
879 2444 1010 2512 Statium,
1027 2442 1112 2496 Theb.
1123 2458 1162 2510 11,
1174 2442 1245 2516 629:

313 2521 348 2580 ad
360 2521 443 2592 Epist.
456 2519 593 2592 Cydippen
605 2520 765 2574 notavimus.
879 2535 1206 2588 vaqusque,'1uespiste,snr
1214 2533 1314 2573 nusum
1324 2531 1395 2574 nomn

345 2598 403 2650 38&
414 2597 556 2665 Qulssered.
565 2597 674 2651 Rectius
680 2597 738 2664 alii,
743 2598 830 2665 sem-⁸
878 2607 1065 2652 annotinum?

314 2689 342 2732 et
353 2688 413 2732 tum
423 2676 546 2747 sequenti
557 2695 652 2744 versu,
664 2679 830 2746 Peccetquo-
880 2681 1045 2737 Elidemlih.
1059 2681 1087 2750 1,
1100 2679 1164 2737 silv.
1175 2697 1214 2748 tv,
1227 2681 1262 2753 96
1272 2701 1278 2735 :
1289 2683 1396 2734 Honora

314 2778 368 2828 que
379 2759 413 2812 sit
431 2754 611 2811 scribendum.
630 2759 663 2810 St
673 2762 730 2827 que's
746 2764 825 2826 agat,
879 2766 1002 2814 camilia.
1026 2760 1092 2829 Quo
1108 2760 1214 2830 respicit
1229 2777 1301 2814 unus
1316 2758 1397 2813 codex

315 2836 397 2890 etiam
405 2845 478 2890 recte
491 2835 577 2905 prima
589 2834 688 2904 editio,
702 2855 765 2891 cum
778 2836 831 2891 Pu·
881 2839 1041 2906 Pataviuus,
1052 2839 1082 2892 in
1094 2857 1164 2910 quo,
1176 2840 1297 2892 horeste.
1308 2836 1396 2890 Editio

314 2926 411 2970 teaneo
423 2924 450 2969 et
462 2913 553 2968 multis
564 2913 629 2969 aliis.
638 2914 740 2970 Herus.
880 2917 966 2988 prima
985 2927 1013 2972 et
1030 2917 1120 2987 scripti
1138 2915 1285 2985 nonnulli,
1305 2935 1396 2968 amore.

349 2995 407 3061 384.
419 2996 620 3048 Andromaches.
632 2994 791 3065 Euripidem
803 3005 831 3049 et
881 2997 935 3050 Sed
943 3015 1026 3065 quum
1033 2997 1132 3067 Regius
1139 3005 1166 3048 et
1171 2995 1395 3049 Putean.amauu

316 3072 503 3128 Menandrum
515 3075 638 3145 respicit,
659 3093 776 3144 quorum
788 3075 830 3128 ille
879 3075 965 3145 prima
973 3083 1125 3145 agnoscant,
1135 3076 1397 3139 rrs'hicmr'lhouori,

317 3151 549 3221 Andromachen,
578 3171 638 3222 qun
659 3163 761 3221 exstat,
788 3151 832 3208 hic
880 3151 923 3204 alii
934 3171 996 3218 sex,
1014 3157 1108 3204 cresci!
1123 3154 1228 3216 horon,
1246 3151 1318 3204 sorte
1330 3151 1396 3220 legas

316 3229 422 3286 Thaida
433 3229 618 3299 Comeediam,
631 3251 690 3302 qun
700 3231 829 3302 deperiit,
880 3231 995 3298 rectius,
1012 3229 1097 3297 same
1115 3233 1227 3283 slndrlsm
1241 3232 1310 3284 nidi
1322 3231 1400 3284 cessit

315 3311 445 3366 ediderat
458 3310 568 3367 Thaidis
581 3311 727 3366 Menandri
739 3311 832 3365 memi-
880 3311 984 3373 honori,
997 3308 1053 3376 vel,
1067 3311 1151 3362 cedit:
1163 3309 1264 3363 namin
1277 3327 1335 3362 uno
1347 3309 1397 3360 Va-

315 3389 358 3443 nit
369 3389 516 3457 Martialis,
529 3389 764 3460 lib.X1V,Epigr.
778 3390 831 3461 187.
880 3389 969 3442 tieauo
982 3400 1039 3456 est,
1057 3391 1144 3442 credit.
1159 3388 1204 3443 Sic
1220 3392 1283 3443 bere
1295 3391 1392 3449 cedere,

350 3469 408 3523 385.
421 3470 515 3522 libera
523 3476 612 3523 rostra
623 3476 670 3523 est.
683 3470 777 3523 libers
783 3489 832 3522 no-
880 3468 950 3522 Fast.
963 3467 1005 3533 ll,
1019 3468 1076 3522 380.
1085 3466 1128 3521 De
1140 3487 1204 3522 voce
1215 3470 1328 3522 honorus
1339 3465 1397 3520 vide

316 3550 372 3609 dis,
385 3547 473 3601 vossii
483 3546 583 3601 codex:
600 3547 698 3602 deinde
715 3551 759 3600 nil
770 3550 837 3602 m'hs'
880 3545 973 3599 Barth.
981 3545 1014 3600 ad
1024 3545 1090 3600 Stat.
1098 3545 1184 3600 Theb.
1196 3563 1236 3614 lv,
1243 3547 1295 3616 624
1309 3567 1315 3600 :
1328 3543 1397 3600 etad

316 3647 374 3682 cunr
383 3633 479 3695 rapta,
493 3625 626 3682 editiones
639 3627 730 3697 priscae
745 3637 773 3681 et
786 3628 833 3681 vi-
880 3624 1018 3679 laudatum
1025 3624 1113 3680 locum
1123 3625 1154 3679 ah
1164 3625 1289 3693 Heinsio,
1301 3625 1344 3679 liu
1356 3624 1396 3690 ll,

318 3703 392 3774 genti
404 3714 458 3758 tres
470 3702 582 3759 codices.
881 3705 926 3758 uhi
939 3705 1103 3760 usitatiorem
1116 3724 1173 3761 arvo
1194 3705 1397 3767 barbarissanti,

352 3783 409 3856 392.
420 3786 760 3851 Etcapnstmicmnua
768 3785 833 3836 mu!-
881 3803 961 3854 quarn
970 3785 1069 3849 latino,
1088 3804 1181 3838 vocem
1194 3784 1258 3838 dicit
1271 3799 1277 3834 :
1289 3796 1318 3838 et
1327 3793 1397 3838 certe

317 3865 347 3912 la
358 3864 415 3914 mei.
436 3859 535 3930 Scripti
548 3879 605 3914 uon
617 3859 710 3931 pauci,
730 3866 836 3930 capric!
881 3860 950 3932 apud
962 3861 1067 3926 Silium,
1077 3863 1136 3917 Val.
1147 3864 1231 3918 Flacc.
1243 3862 1397 3922 etstatium

315 3943 600 4008 arrms'camr'raplsra
611 3945 712 4008 spiam,
725 3958 832 4011 quoque
881 3941 1096 4011 frequentissime
1105 3943 1237 3996 occurrit=
1251 3941 1322 4012 apud
1332 3941 1397 3995 Nos·

317 4015 401 4070 codex
410 4017 501 4074 Jureti
512 4039 518 4074 :
531 4024 646 4088 capiunt,
659 4020 767 4091 Regius.
778 4021 834 4074 Po·
880 4030 964 4088 trum,
972 4020 1140 4090 quodeciam,
1148 4039 1297 4091 nunquam
1305 4019 1399 4089 Quare

317 4092 403 4148 litiani
412 4094 496 4164 liber,
514 4103 834 4166 caps'enlaaer'ms'caemrlra
882 4102 1038 4171 praeferrem
1055 4119 1142 4169 sane,
1165 4103 1296 4163 horeste,
1323 4099 1396 4166 cujus

316 4192 410 4241 nam
416 4181 468 4231 nei
474 4192 483 4225 .·
494 4177 567 4245 quod
579 4177 681 4248 placet,
694 4179 778 4233 modo
788 4199 833 4234 ca·
882 4179 994 4250 glossam
1006 4197 1061 4233 esse
1073 4188 1155 4248 puto,
1167 4181 1278 4246 darom,
1295 4187 1326 4230 ut
1334 4175 1396 4229 scri·

311 4258 460 4322 ps'uutcum
468 4253 554 4327 Regio
566 4257 704 4315 admittas:
716 4257 779 4314 hinc
791 4277 835 4316 ca·
881 4257 944 4315 bere
953 4257 1073 4316 solebant
1079 4275 1135 4314 tvo
1144 4255 1276 4314 deteriore
1285 4254 1400 4320 librarii,
