3009 5000
318 475 564 548 nunaunt
591 482 674 550 111.
710 485 859 569 nunu.
892 491 962 558 v1.
1121 521 1183 592 ¹79

107 627 154 701 Tu
169 625 300 728 potius,
317 624 401 726 ripis
419 621 525 700 effuse
543 625 723 726 capacibus
740 629 866 720 amnis,

150 749 203 824 Sic
220 766 364 824 aeternus
381 775 457 836 eas,
476 745 588 824 labere
605 747 671 825 fine
691 768 762 825 tuo.
1006 771 1008 779 ‘
1149 801 1182 836 2,

108 877 178 947 Non
193 873 258 948 eris
274 872 408 946 invidiae
422 887 574 960 torrens,
588 873 674 946 mihi
691 874 807 964 crede,
823 875 984 969 ferendas,
1026 873 1029 880 ¹

151 995 187 1071 Si
203 997 296 1072 dicar
309 1024 373 1098 per
390 1012 423 1069 te
439 994 528 1070 sorte
547 1013 697 1071 retentus
713 1027 837 1074 amans.

108 1119 251 1194 Flumina
270 1119 433 1195 deberent
447 1120 586 1219 juvenes
603 1119 640 1194 in
657 1150 769 1196 amore
785 1123 918 1223 juvare:

148 1243 301 1318 Flumina
318 1261 495 1318 senserunt
511 1244 604 1345 ipsa,
619 1244 700 1345 quid
720 1263 807 1322 esset
824 1277 926 1322 amor.

106 1366 241 1441 Inachus
259 1366 297 1439 in
315 1365 417 1441 Melie
431 1367 614 1469 Bithynide
631 1366 779 1470 pallidus
796 1370 862 1445 isse

147 1489 296 1577 Dicitur,
315 1506 350 1563 et
366 1487 485 1584 gelidis
502 1489 680 1565 incaluisse
700 1491 803 1567 vadis.

106 1611 259 1686 Nondum
272 1612 376 1712 Troja
393 1611 458 1685 tuis
474 1609 592 1687 lustris
612 1614 751 1690 obsessa
769 1615 922 1708 duobus,

148 1735 265 1832 Quum
277 1735 392 1836 rapuit
407 1733 538 1824 vultus,
554 1738 709 1828 Xanthe,
724 1741 840 1814 Neara
857 1758 943 1816 tuos.

107 1858 217 1956 Quid?
233 1887 305 1932 non
322 1858 481 1960 Alpheon
499 1859 640 1934 dirersis
658 1889 790 1936 currere
810 1865 907 1938 terris

148 1983 298 2080 Virginis
309 1983 461 2058 ſtrcadiae
479 2003 591 2059 certus
608 1984 722 2080 adegit
736 1989 854 2060 amor?
1147 2017 1180 2068 so

138 2221 174 2274 sp
181 2197 277 2269 Effare
288 2203 436 2268 capacibus.
449 2199 512 2254 Hoc
522 2199 564 2253 vix
574 2200 616 2254 in·
665 2211 757 2270 aptus,
767 2199 893 2268 idoneus,
899 2201 1014 2272 serenda
1023 2224 1102 2275 quam
1114 2207 1141 2261 iu
1153 2219 1178 2264 te

40 2292 41 2313 ¹
109 2275 207 2348 telligo:
224 2276 380 2344 sidirisset,
393 2282 457 2345 ηζιιὺ
468 2278 613 2346 superfusa,
665 2279 783 2333 excitabo
794 2285 910 2344 caesara,
929 2282 950 2336 si
962 2302 1010 2353 per
1021 2294 1048 2337 te
1059 2294 1180 2341 retentus

108 2357 191 2425 idest,
204 2358 417 2428 quiegressuses
425 2357 544 2426 alveum,
557 2357 616 2412 redi
665 2352 754 2422 dicar,
780 2374 864 2426 quum
889 2359 987 2413 amicus
1008 2359 1041 2413 ad
1065 2361 1177 2416 amicam

108 2433 208 2488 adfines
219 2445 294 2503 tuos,
307 2453 399 2487 sensus
406 2444 538 2488 constaret
549 2457 555 2499 ς
568 2433 615 2489 sed
664 2451 787 2503 propero.

108 2532 187 2584 neque
209 2517 351 2584 capacibus
374 2514 459 2583 placet
487 2513 615 2584 conjungi
698 2516 892 2567 aulnacbusos
900 2516 1178 2589 MelaeBs'tbym‘deetr.

107 2611 162 2645 oum
169 2594 252 2663 essese
263 2592 384 2646 :sienim
395 2592 460 2661 ripas
472 2601 613 2662 caperent,
664 2590 874 2663 Meminithujus
881 2594 1022 2667 Nympha,
1030 2616 1088 2667 que
1097 2596 1177 2671 Amy-

109 2668 146 2723 sel
154 2690 258 2742 oepaces
269 2680 357 2725 essem
367 2688 457 2740 aquae,
469 2670 535 2724 nihil
547 2682 616 2725 esset
663 2690 739 2737 eum,
749 2670 900 2742 Bebrycum
909 2692 1013 2745 regem,
1025 2694 1039 2727 e
1050 2676 1177 2745 Neptuno

109 2748 172 2816 quod
193 2758 353 2819 quereretur
379 2758 458 2817 poeta
482 2748 614 2802 transiisse
662 2750 785 2820 suscepit,
794 2750 879 2819 Apoll.
889 2766 921 2819 11,
930 2772 954 2815 2,
966 2752 1176 2827 ubideAmyco,

109 2845 194 2895 quan
207 2827 275 2880 lina
285 2844 347 2880 suos
360 2826 442 2895 :ripis
455 2826 547 2894 enim,
568 2827 614 2896 qui
929 2820 963 2886 ὄν
978 2855 1029 2885 :aas
1049 2835 1124 2901 νύμφη

108 2905 251 2958 mainerus
263 2902 374 2970 fluvius,
383 2907 441 2972 fine
452 2922 500 2956 sao
509 2902 613 2956 labitur.
663 2911 732 2958 Ture
746 2906 891 2960 narratio-u
907 2913 1011 2978 γενεθλίῳ
1026 2912 1157 2975 εὐνηθεῖσα,

110 2982 138 3035 lu
147 2984 312 3039 francofurt.
323 2983 426 3053 optimo
438 2981 527 3035 codice
540 2992 611 3050 erat,
662 2990 751 3041 nasove
765 2990 853 3048 Μελίη,
873 2986 1065 3061 darpsslpigsetau
1081 2986 1175 3055 ἀνδρῶν.

108 3068 252 3131 rapacibus:
263 3064 333 3115 sorte
345 3062 491 3132 scripserit,
505 3068 566 3116 rubas
575 3062 614 3133 es-
663 3059 774 3112 Meliam
789 3080 893 3131 quoque
907 3061 957 3115 dici
973 3081 1046 3131 posse
1060 3073 1131 3132 patet
1144 3085 1175 3117 ex

103 3142 301 3213 luserapacr'bus.
309 3141 353 3195 Sic
360 3154 464 3209 rapaces
471 3144 551 3205 uada,
560 3158 611 3207 vn,
661 3139 718 3208 ipso
729 3138 882 3207 scholiaste,
894 3138 925 3192 ad
938 3138 1026 3193 locum
1037 3142 1080 3194 cit.
1092 3144 1174 3205 ἄδηλον

111 3219 395 3277 Metam-550.BURM.
408 3247 443 3259 -
456 3218 528 3271 Nihil
540 3229 612 3273 certe
661 3220 723 3293 peip,
741 3217 846 3286 inquit,
868 3222 930 3272 utba
946 3221 1021 3283 ι’ςιτὸ
1038 3223 1119 3294 κύριον.
1140 3248 1175 3261 -

111 3298 270 3354 meandum,
279 3297 405 3351 Vertitur
415 3296 458 3350 hic
469 3295 555 3348 omnis
563 3294 614 3348 dis·
661 3297 944 3349 Palls'dusr'sseds'cs'lur.
957 3296 1044 3359 lncrs,
1057 3302 1173 3365 pallidus

110 3377 199 3434 fitultas
210 3378 246 3449 (si
259 3396 312 3447 qua
323 3376 426 3440 tamen)
441 3375 469 3427 in
481 3374 613 3444 interpre-
662 3373 696 3427 ob
706 3373 789 3445 frigus
802 3393 855 3443 quo
864 3374 1018 3445 plerumque
1029 3375 1175 3445 obstringo-

110 3457 179 3511 tanda
189 3476 255 3511 voce
268 3454 318 3507 hac
329 3455 484 3523 capacibus,
498 3450 612 3521 quamsi
661 3453 757 3521 batur,
769 3452 885 3519 fluxisse,
899 3458 974 3505 1'cs'sse
983 3452 1093 3518 dicitur;
1107 3456 1172 3523 quin

110 3530 609 3605 &apsquoedmenpriascapiebanz
661 3532 918 3599 etiam,1'ncalur'sse.

108 3610 611 3682 habererismilrilprorsusmirumes-
693 3630 732 3680 ²7·
762 3612 882 3663 Obsessa.
906 3612 1033 3678 Oppressa
1056 3610 1170 3673 Morcti,

104 3690 610 3764 sublilluderipissuis,quumnivibus
660 3688 802 3757 Scriverii,
830 3688 982 3757 Palatinus,
1008 3690 1169 3743 Francosuc·

108 3769 188 3826 solutis
196 3784 223 3827 et
230 3772 317 3845 pluria
325 3780 436 3842 repente
445 3769 578 3825 adauctus.
660 3768 739 3822 tensis
751 3779 779 3821 et
791 3778 904 3838 quatuor
916 3766 965 3819 alii.

137 3870 174 3905 ao.
191 3854 286 3904 Iabere
292 3852 352 3921 fiae
367 3856 419 3902 tuo.
439 3849 525 3904 Solito
536 3850 611 3903 alveo
674 3868 732 3921 up
748 3849 839 3913 Quid?
849 3866 900 3899 uon
913 3846 1030 3912 Alpheon
1042 3856 1091 3898 etc.
1110 3844 1170 3901 Cc-

109 3938 243 3983 mutentus.
270 3930 328 3985 Nec
348 3929 484 3982 immerito
507 3932 608 3992 labere,
658 3925 752 3986 lubrie,
766 3946 797 3980 ex
808 3926 863 3995 ipso
875 3924 996 3991 Nasone,
1011 3922 1121 3979 Metam.
1131 3942 1166 3993 r,

108 4005 171 4071 quod
181 4007 410 4078 propr-iurnamnis
417 4005 517 4077 placide
526 4004 610 4060 fluen·
659 4003 755 4073 Alphei
769 4012 795 4057 et
806 4002 944 4057 Arethusae
955 4002 1170 4059 sahula1scdno-

112 4082 150 4147 t'ut
163 4097 187 4140 et
198 4088 342 4158 opponitur
358 4086 401 4139 hie
413 4084 569 4156 exundanti,
583 4094 610 4140 et
658 4093 717 4136 tuus
732 4084 820 4137 forsan
841 4084 929 4137 minus
945 4081 1169 4153 elegantissimum

112 4161 169 4233 tipus
179 4185 230 4236 prce
242 4168 333 4220 surore
345 4166 488 4235 superanti.
658 4162 763 4215 Moschi
775 4160 851 4234 ldyll.
867 4178 938 4229 vru,
958 4164 1032 4233 cujus
1045 4164 1150 4219 initium
1163 4183 1168 4217 ι

141 4262 176 4296 ²¹·
184 4246 240 4302 Νοι
251 4248 303 4299 ea's
313 4247 414 4301 bass'dh
422 4254 471 4299 etc·
484 4244 547 4300 Non
559 4241 611 4303 eris
658 4245 752 4311 Alfccis
762 4244 823 4309 perat
835 4249 918 4295 [liras.
926 4265 946 4295 κ.
958 4266 977 4297 a.
991 4249 1010 4294 l.
