3009 5000
309 415 374 479 320
612 412 652 477 P.
679 408 860 479 OVIDII
886 410 1109 479 NASONIS

358 554 486 647 Magna
502 578 618 625 canam
632 580 641 625 ι
657 568 731 625 toto
747 570 903 653 pectore,
918 551 1057 648 vulgus,
1072 551 1171 627 ades!

311 669 427 744 Ardua
445 666 624 742 molimur:
644 667 704 743 sed
719 668 831 757 nulla,
845 670 915 745 uisi
930 670 1050 761 ardua,
1068 672 1184 747 virtus.

250 826 254 839 ,
360 784 517 862 Difficilis
535 803 652 860 nostra
667 788 822 888 poscitur
840 805 911 863 arte
927 785 1035 861 labor.

286 938 288 945 ’
312 902 464 981 Rivalem
480 902 647 1004 patienter
659 901 769 992 ¹babe;
783 902 924 978 victoria
942 921 1052 978 tecum

362 1018 578 1094 Stabit:eris
595 1016 708 1115 magni
725 1019 887 1093 victorin
906 1048 980 1095 arce
995 1020 1100 1094 Jovis.
1345 1042 1396 1111 540

315 1139 396 1211 Haec
409 1135 474 1209 tibi
491 1164 561 1210 nou
576 1134 767 1225 bominem,
784 1135 843 1209 sed
860 1166 1003 1239 quercus
1020 1137 1118 1213 crede
1135 1137 1294 1235 Pelasgas

362 1254 507 1329 Dicere:
524 1251 574 1327 nil
590 1252 666 1326 istis
683 1280 736 1328 ars
751 1281 825 1327 mea
842 1252 951 1352 majus
968 1252 1084 1327 babet

316 1374 439 1445 lnnuet
456 1366 536 1443 illa?
550 1366 637 1442 ieras
652 1396 661 1441 :
679 1366 829 1442 scribet?
844 1397 887 1443 ue
905 1386 1004 1465 tange
1022 1367 1171 1443 tabellas.

366 1486 467 1562 Unde
484 1484 590 1573 volet,
611 1484 742 1573 veniat3
761 1514 898 1587 quoque
915 1485 1053 1576 libebit,
1071 1503 1134 1561 eat.
1296 1571 1298 1574 ¹

318 1608 394 1682 Hoc
410 1605 448 1678 in
464 1602 613 1699 legitima
629 1619 790 1704 praestant
806 1632 913 1677 uxore
927 1604 1057 1693 mariti,
1281 1612 1288 1656 ³
1350 1623 1398 1692 545

369 1724 486 1823 Quum
503 1740 614 1805 tener,
630 1719 672 1794 ad
688 1736 800 1821 partes
817 1738 854 1795 tu
872 1751 1027 1824 quoque,
1042 1750 1175 1809 somne,
1187 1721 1293 1797 uenis.

321 1843 396 1917 Hac
411 1868 491 1936 ego,
510 1837 690 1926 confiteor,
704 1864 777 1910 non
794 1866 870 1911 sum
884 1838 1052 1939 perfectus
1067 1839 1104 1911 iu
1122 1856 1201 1913 arte.

370 1957 466 2057 Quid
481 1955 625 2031 facim?
639 1954 778 2029 monitis
795 1984 872 2029 sum
887 1955 1001 2029 minor
1016 1957 1089 2057 ipse
1106 1956 1200 2029 meis.

320 2076 422 2151 Mene
437 2070 548 2176 palam
564 2089 692 2147 nostrae
710 2071 767 2146 det
785 2071 964 2174 quisquam
981 2072 1077 2167 signa
1092 2070 1236 2173 puellae?

371 2192 418 2265 Et
434 2189 569 2292 patiar?
583 2217 646 2263 nec
662 2215 715 2262 me
735 2186 891 2290 quolibet
907 2188 957 2263 ira
973 2187 1084 2263 ierat?
1353 2206 1401 2258 sss

324 2305 452 2385 Oscula
468 2306 519 2380 vir
535 2304 687 2394 dederat,
701 2304 855 2394 memini,
870 2333 952 2379 suus
966 2334 975 2379 ε
990 2303 1105 2380 oscula
1123 2321 1263 2406 questus

262 2448 267 2460 ’
373 2423 457 2497 Sum
474 2420 551 2496 data
566 2451 575 2495 τ
588 2420 744 2495 barbarie
761 2438 879 2495 noster
895 2419 1046 2494 abundat
1061 2448 1164 2494 amor.

251 2603 253 2608 ,
323 2545 403 2620 Nou
421 2539 523 2616 semel
539 2540 607 2614 boc
624 2539 743 2614 vitium
760 2539 880 2614 nocuit
894 2538 996 2627 mibi3
1012 2537 1144 2613 doctior
1160 2535 1236 2624 ille,

375 2665 457 2762 Quo
474 2664 615 2737 veniunt
631 2661 687 2736 alii
702 2661 899 2737 conciliante
916 2663 1001 2737 viro.

326 2789 394 2865 Sed
407 2787 527 2864 melius
545 2787 690 2862 nescisse
706 2787 794 2862 fuit:
811 2789 883 2864 sine
899 2790 990 2864 furta
1005 2806 1179 2886 tegantur:
1355 2809 1401 2862 555

321 3012 842 3087 paro‚Scbe{ieri:quodexvers.r7‚re-
918 3016 1401 3083 545-Ilocr'ule5itr'aapraestm.1²m

328 3095 450 3166 petitum.
891 3093 990 3146 teatin
1009 3112 1066 3148 uno
1084 3093 1214 3148 Vatioeno
1233 3093 1355 3147 reetim
1371 3101 1398 3145 ut

362 3173 419 3243 537,
435 3171 527 3226 Ardua
538 3175 658 3224 molimur.
675 3173 759 3226 Recte
776 3173 842 3242 qui·
890 3190 970 3241 supra
984 3171 1049 3226 153:

329 3249 391 3304 dem
403 3253 519 3302 molrinur
528 3259 555 3302 et
564 3253 660 3312 ardua,
670 3248 731 3304 licet
741 3251 824 3305 facete
834 3270 842 3304 ε
889 3254 936 3293 1³¹⁰
942 3254 1011 3304 sugat
1016 3263 1122 3308 nupt-qu
1130 3254 1390 3307 viminum-min:

329 3327 393 3398 quid
403 3327 477 3382 enim
490 3327 590 3380 amanti
601 3331 707 3380 arduum
719 3329 803 3398 magis
815 3339 843 3383 et
924 3330 982 3380 551.
992 3329 1134 3381 osculavit
1139 3330 1251 3382 delcmd
1259 3329 1360 3382 Oscula
1365 3331 1405 3381 nte·

328 3405 449 3472 difficile,
464 3423 544 3474 quam
551 3409 653 3457 nbalem
661 3404 844 3460 babereiPa-
890 3406 1403 3470 kmrat‚nemn;sua,13emeneunus

327 3489 420 3537 (tenter
428 3502 492 3536 vero
501 3522 509 3550 ,
518 3483 560 3536 rix
570 3481 714 3537 dicendum
722 3506 729 3549 ;
738 3503 790 3538 nec
799 3484 844 3537 in·
891 3482 1000 3536 lemni
1005 3503 1054 3536 sua
1065 3488 1261 3552 basioque-stus,
1276 3483 1401 3538 palatin:

328 3559 408 3632 digna
420 3580 482 3614 sane
495 3560 552 3614 talis
560 3565 681 3625 siblaria,
692 3579 751 3631 quee
759 3563 844 3617 victo-
890 3564 1011 3616 barbanu
1026 3563 1142 3632 Regius:
1152 3563 1402 3618 harimbsma

330 3657 388 3692 rem
395 3638 423 3691 in
432 3639 486 3708 ipsa
493 3641 657 3706 maffnr'Jore's
662 3639 844 3695 arcecolloeet.
891 3643 1003 3695 abundet
1013 3659 1082 3694 unus
1093 3641 1206 3695 Heinsi'e

328 3719 519 3772 —Nm'ardua
529 3721 615 3768 ur’rlus.
626 3717 776 3771 Mte'ardna
785 3723 845 3772 νίκ-
925 3721 982 3772 553.
1000 3723 1109 3775 Doctior
1122 3725 1168 3774 ille
1182 3731 1233 3776 etc.
1249 3721 1360 3778 Scilicet
1374 3721 1403 3777 ad

328 3801 402 3858 cunt,
414 3793 551 3848 Editioner
560 3792 676 3864 priores,
691 3793 769 3862 aldi,
787 3797 844 3850 Mi-
891 3808 1022 3868 precepta
1033 3797 1135 3861 danda,
1148 3819 1229 3869 quam
1240 3802 1403 3872 provinciam

329 3870 406 3942 cylli,
419 3871 578 3926 Bersmanni
591 3883 618 3926 et
630 3873 719 3944 scripti
734 3873 843 3930 duode-
892 3877 1324 3949 egosusoepi32edpraeoeptamea
1331 3897 1402 3951 pres·

330 3949 391 4000 cim.
405 3949 497 4019 Unus,
511 3957 622 4005 vincant.
892 3965 948 4008 tare
960 3974 1016 4008 non
1028 3975 1135 4025 possum
1143 3995 1152 4023 ,
1161 3958 1223 4026 quia
1233 3957 1263 4011 in
1274 3957 1403 4030 hacparre

364 4028 420 4092 544.
440 4029 597 4082 Undcvolet.
612 4031 845 4102 Lr'betilprosiili-
892 4033 955 4086 artis
971 4035 1105 4089 amatoriae
1118 4036 1248 4103 perfectus
1266 4055 1319 4089 m
1333 4053 1403 4100 ως

330 4103 396 4170 ber,
417 4114 444 4156 et
461 4107 619 4161 Bemmanni
638 4109 735 4164 editio:
747 4131 846 4181 quaque
892 4111 939 4166 sed
950 4116 1049 4166 doctior
1057 4114 1100 4167 ille
1111 4125 1151 4168 est
1158 4153 1166 4180 ‚
1181 4114 1228 4183 qui
1237 4115 1309 4170 banc
1320 4124 1401 4185 potest

329 4181 420 4237 Editio
430 4183 529 4255 Micylli
539 4206 545 4240 :
557 4208 635 4256 quere
646 4191 764 4260 quinque
775 4190 843 4244 libri.
893 4191 1091 4246 conciliaturam
1104 4205 1235 4263 prestare.
1245 4195 1345 4252 Buten.
