3009 5000
299 453 360 496 ,ιο
569 430 610 494 r.
641 400 827 498 ‘ovrnrr
854 426 1084 498 NASONIS

344 569 478 656 Cincta,
498 567 556 643 sed
574 585 626 643 est
643 568 747 644 ductu
763 587 860 671 capta
878 568 992 671 puella
1004 598 1090 644 meo.

294 695 454 791 Pergama
474 725 578 796 quum
595 695 767 784 caderent,
786 692 879 769 hello
893 713 1049 796 superata
1063 693 1226 787 bilustri,

342 821 395 892 Ex
413 836 481 905 tot,
501 818 536 891 in
553 817 675 892 Atrida
692 845 771 919 pars
785 835 891 919 quota
904 817 1014 892 laudis
1030 820 1124 893 erat?
1349 859 1380 895 ιο

293 943 340 1016 At
356 970 429 1016 mea
445 942 593 1043 seposita
610 960 674 1031 est,
695 960 729 1017 et
746 943 789 1016 ah
804 941 898 1015 omni
913 942 1019 1016 milite
1033 943 1163 1017 dissors

287 1163 288 1168 ἵ
347 1064 479 1166 Gloria,
497 1095 559 1141 nec
577 1065 714 1141 titulum
731 1066 880 1140 muneris
897 1064 980 1141 alter
996 1066 1109 1141 hahet.

292 1189 351 1263 Me
369 1189 469 1278 duee,
488 1189 530 1263 ad
546 1190 633 1262 hanc
650 1190 721 1263 voti
737 1189 856 1279 linem,
873 1219 926 1264 me
941 1189 1063 1278 milite,
1081 1190 1180 1265 veni:

343 1314 420 1414 Ipse
439 1341 559 1414 eques,
578 1313 651 1414 ipse
669 1313 787 1416 pedes,
806 1311 946 1408 signifer
959 1313 1033 1415 ipse
1045 1313 1118 1403 fui;

291 1437 362 1511 Nee
379 1465 494 1510 rasum
512 1435 650 1510 fortuna
666 1435 749 1510 meis
768 1434 951 1508 immiscuit
968 1435 1060 1509 actis.

342 1561 420 1634 Huc
434 1559 528 1650 ades„
546 1589 567 1633 o
585 1588 664 1634 cura
680 1577 775 1663 parte
787 1559 974 1662 Triumphe
989 1561 1080 1634 mea!

292 1686 364 1760 Nec
382 1685 465 1761 helli
482 1715 570 1760 nova
588 1715 687 1788 eausa
702 1686 769 1761 mei
784 1715 792 1759 :
809 1686 875 1760 nisi
890 1705 985 1788 rapta
1001 1685 1122 1760 fuisset

341 1808 523 1910 Tyndaris,
542 1813 687 1912 Europe
704 1839 772 1912 pax
788 1811 944 1912 Asiaeque
963 1810 1062 1883 foret.

292 1933 430 2008 Femina
445 1935 611 2011 silvestres
629 1936 810 2038 Lapithas,
827 1936 1060 2038 populumque
1077 1933 1254 2010 biformem

327 2180 366 2215 ιο.
383 2163 490 2225 Extat,
509 2162 538 2215 in
549 2164 647 2217 Alrr'da
665 2172 714 2217 etc.
735 2162 808 2216 Male
858 2173 886 2217 et
903 2163 1039 2233 propriam
1062 2163 1168 2216 fatetur.
1193 2183 1207 2209 a
1231 2159 1303 2229 Quae
1318 2159 1381 2214 loca

293 2241 377 2310 quiin
391 2242 506 2302 Attrilr's,
531 2241 573 2292 vel
591 2259 653 2294 cum
669 2241 710 2294 ed.
729 2243 808 2316 prim.
859 2240 998 2296 Ovidianis
1010 2261 1041 2294 ea
1051 2251 1142 2294 mente
1155 2240 1283 2311 opposui,
1297 2250 1330 2291 ut
1342 2241 1382 2292 vi·

291 2326 320 2373 r'n
333 2321 450 2374 Atridas.
470 2319 566 2390 Agitur
584 2321 658 2372 euim
678 2318 711 2373 de
730 2319 809 2390 Aga·
859 2318 920 2372 deat
928 2319 1010 2374 lector
1018 2317 1321 2389 quomodoseriptorum
1329 2338 1381 2388 par

293 2418 456 2466 memnone,
476 2399 518 2452 cui
533 2399 672 2454 communi
692 2398 809 2453 Greco-
858 2398 1014 2452 nohilerem
1025 2397 1163 2464 eamdem,
1175 2397 1277 2468 poetice
1287 2415 1379 2464 unus,

292 2497 354 2531 rum
378 2495 509 2532 consensu
531 2497 624 2531 rerum
647 2497 753 2531 summa
775 2477 808 2532 ad
858 2476 924 2531 alter
941 2477 1071 2544 oratorie,
1086 2475 1267 2530 exornandam
1278 2495 1379 2531 susee-

293 2558 407 2633 Troiam
419 2554 515 2611 tradita
530 2567 576 2609 est.
858 2556 935 2625 perit

329 2656 366 2687 ιι.
378 2634 419 2687 Al
428 2654 484 2685 mea
491 2638 603 2700 seposita
608 2642 649 2686 cst
655 2644 703 2687 etr.
713 2655 726 2681 «ι
736 2632 808 2688 Nam
895 2653 932 2704 ¹7·
950 2636 1005 2686 Nec
1017 2637 1080 2686 belli
1088 2653 1154 2686 nora
1166 2653 1247 2686 causa
1263 2638 1321 2687 mer'.
1334 2633 1380 2687 lta

293 2711 396 2765 bellicas
407 2711 497 2765 laudes
509 2711 596 2765 solent
608 2712 717 2781 quidam
728 2722 808 2765 exte·
859 2710 933 2763 enim
948 2710 1094 2781 legendum
1109 2752 1117 2779 ,
1134 2710 1272 2781 repudiata
1288 2713 1380 2765 veteri

293 2810 377 2844 nuare
384 2790 483 2858 verbis,
497 2809 592 2859 easque
605 2789 744 2843 detrahere
756 2789 809 2843 du·
858 2780 982 2855 lectione,
992 2810 1038 2842 nec
1046 2793 1226 2843 bellr'eslnora
1236 2810 1298 2842 cura
1309 2796 1381 2858 mee}

292 2870 382 2935 cibus,
396 2868 593 2921 communicare
614 2888 676 2921 eum
696 2870 807 2937 multis,
857 2866 903 2918 sed
911 2886 960 2936 ego
968 2878 1108 2937 utramque
1117 2887 1195 2921 sensu
1203 2887 1292 2921 carere
1299 2878 1379 2937 puto:

293 2966 327 3000 ne
339 2947 453 3017 propriso
459 2947 512 3000 sint
520 2946 720 3016 imperatorum.
728 2975 762 2987 -
770 2938 809 3000 he
858 2947 988 3015 praecessit
1000 2949 1081 3000 etiam
1093 2947 1191 3012 modo,
1204 2966 1266 2999 cura
1274 2966 1283 2999 :
1291 2966 1378 3015 quare

293 3046 357 3079 voro
370 3024 449 3093 hujus
460 3023 563 3095 gloriae,
577 3022 675 3093 Caesar,
687 3046 768 3095 apuam
780 3046 808 3079 es
857 3034 923 3093 puto
932 3025 1075 3095 legendum
1084 3024 1247 3095 transpositis
1255 3024 1376 3094 vocibus,

294 3104 371 3174 paulo
383 3113 444 3156 aute
458 3102 585 3172 adeptus,
605 3104 706 3156 socium
728 3104 808 3157 hahes
857 3106 912 3155 Nec
920 3107 1128 3157 bellimeacausa
1136 3108 1202 3156 novi.
1211 3104 1267 3157 Nec
1274 3103 1375 3174 puella,

293 3184 466 3239 neminem.»
487 3182 542 3237 Cir.
556 3204 604 3255 pro
623 3185 741 3239 Marcell.
766 3202 807 3253 11,
858 3200 928 3234 ame
940 3182 1027 3251 vieta,
1046 3194 1072 3236 et
1083 3183 1149 3250 mihi
1168 3181 1276 3249 dedita,
1298 3202 1377 3237 nune

293 3266 353 3336 5-7.
366 3293 399 3305 -
415 3266 452 3315 Et
469 3266 503 3315 ab
522 3268 594 3316 omri
607 3269 687 3316 milite
702 3266 807 3318 dissors.
858 3262 909 3314 erit
920 3280 996 3314 eausa
1006 3263 1069 3315 novi
1079 3261 1154 3327 belli,
1168 3270 1199 3313 ut
1211 3260 1336 3329 Helene,
1347 3270 1377 3315 et

292 3346 363 3398 Vide
375 3344 408 3398 de
422 3336 452 3397 ea
467 3359 530 3397 voce
544 3360 603 3411 quae
614 3352 757 3409 notamus,
774 3342 808 3395 ad
858 3339 914 3393 alie
926 3342 1044 3415 suerunt
1055 3358 1082 3407 1,
1096 3340 1165 3393 Fast.
1177 3342 1226 3393 520
1239 3358 1246 3391 :

292 3424 439 3495 Epistolem
456 3421 548 3476 sabini
565 3424 696 3492 primam,
715 3423 755 3476 35.
770 3422 807 3476 H.
882 3421 1203 3476 ¹¹5⁰u¹¹u1⁰⁶0⁸¹⁸21=⁰¹5sffl¹²⁶
1212 3422 1375 3463 mrumst-³·

327 3502 365 3556 13.
383 3504 431 3556 Ad
443 3504 512 3553 hanc
527 3505 583 3553 voti
589 3503 680 3569 finem.
698 3500 808 3569 Legitur
893 3500 1100 3568 18.Eumpaepax
1107 3496 1377 3567 Asrbquesorel.Tro·

292 3580 390 3646 etiarn,
406 3580 455 3632 Ad
462 3582 530 3631 hunc
543 3598 550 3630 :
567 3589 637 3631 reete
653 3586 807 3647 utrumque.
856 3580 913 3647 jam
924 3579 1008 3641 Asu,
1025 3588 1052 3631 et
1065 3581 1169 3644 Europa
1181 3575 1313 3631 Graeciam
1324 3578 1376 3630 in-

291 3658 412 3713 Dieimus
426 3656 499 3709 enim
510 3695 517 3721 ,
531 3658 574 3707 hic
584 3661 612 3707 el
621 3657 750 3725 haecfim's.
763 3654 809 3708 sic
857 3657 934 3711 dieat
945 3658 1058 3729 Egregie
1068 3656 1139 3712 eade
1149 3677 1177 3711 re
1188 3654 1374 3711 Catullearm.

292 3736 431 3791 Lucretius
443 3736 555 3805 passim,
577 3745 607 3788 ut
618 3745 645 3788 et
659 3734 807 3804 Virgilius,
858 3751 965 3802 varu,
979 3736 1027 3809 89:

292 3814 810 3885 Horatius,etaliioptimiaeviscriptores.
857 3825 919 3876 'troja
934 3824 1003 3872 netas,
1022 3839 1126 3864 comm
1146 3824 1259 3877 sepulcrm
1275 3824 1363 3875 Europ·

329 3897 367 3947 15.
385 3896 439 3947 Nec
458 3913 545 3946 casum
559 3894 670 3961 fortuna
687 3904 735 3947 etc.
750 3891 807 3947 Cic.
919 3899 1029 3950 Asiaque,

292 3970 356 4027 ibid,
373 3993 386 4017 a(
405 3970 563 4040 Quinetiam
580 3970 621 4025 issa
642 3972 696 4041 {psa
715 3990 808 4024 perum
880 3971 1374 4023 Trojavirumetvirtulmomniuntoerhneinis.

292 4050 473 4105 humanarum
487 4049 594 4102 domina
608 4089 614 4114 ,
633 4050 757 4117 fortuna,
779 4051 807 4103 in
893 4070 931 4123 ¹9·
945 4050 1052 4101 Femina
1063 4058 1113 4101 ete.
1126 4044 1325 4122 Hippodamia,
1339 4046 1374 4101 de

292 4129 366 4183 istius
377 4147 404 4181 se
416 4121 568 4181 societatem
585 4128 673 4199 gloriae
685 4148 741 4181 non
761 4129 808 4179 os·
857 4147 908 4197 qua
920 4126 980 4180 vide
990 4126 1170 4198 Metamorph.
1182 4126 1226 4180 lib.
1242 4142 1301 4192 111,
1317 4128 1375 4191 ²²4·

292 4210 344 4262 lert
355 4227 362 4264 ι
375 4207 422 4264 tibi
430 4206 514 4275 cedit,
528 4218 602 4262 tuam
614 4229 642 4262 se
655 4228 709 4264 esse
723 4219 807 4263 totam
856 4209 1065 4276 -Populumque
1071 4206 1201 4276 biformem
1209 4215 1258 4261 etc.
1264 4206 1375 4258 Braneu-
