3009 5000
308 486 469 555 ARTIS
499 488 797 557 AMATORIAE
823 492 924 563 LIB.
957 496 986 562 1.
1117 500 1177 565 281

156 618 331 699 Palliolum
349 626 468 702 nitidis
486 629 686 729 imposuisse
703 632 818 750 corpis.

114 740 299 815 Adtenueut
313 741 473 840 juvenum
489 742 632 838 vigilatae
649 774 792 848 corpora
808 765 945 835 noetes,
1127 777 1177 841 735

157 856 324 959 Curaque,
343 874 377 931 et
394 886 412 931 e
429 886 552 954 magno
571 860 631 959 qui
647 859 687 933 lit
704 889 816 936 errrore
837 861 946 937 dolor.

116 973 157 1044 Ut
171 989 250 1044 voto
266 971 397 1073 potiare
414 990 494 1060 tuo,
513 974 713 1050 miserabilis
729 996 826 1051 esto:

156 1090 203 1159 Ut
220 1086 279 1188 qui
300 1104 331 1160 te
348 1086 459 1162 videat
475 1086 582 1164 dicere
599 1092 726 1191 possit,
741 1094 861 1166 Amas!

116 1204 317 1305 Conquerar,
336 1234 379 1277 an
394 1234 547 1280 moneam
564 1207 706 1281 mixtum
723 1208 774 1283 fas
792 1236 890 1283 omne
905 1207 1092 1310 nefasque?

153 1323 283 1395 Nomen
297 1320 441 1395 amicitia
459 1338 669 1396 estznomen
686 1323 787 1398 inane
804 1321 898 1398 fides.
1130 1346 1180 1417 740

113 1438 169 1511 llei
185 1436 285 1511 mihi!
304 1466 377 1511 non
395 1454 506 1511 tutum
524 1455 593 1525 est,
614 1438 707 1539 quod
725 1436 984 1528 ames,‘laudare
1001 1438 1130 1529 sodali;
1193 1514 1197 1522 ,

153 1553 267 1650 Quum
285 1552 349 1627 tibi
366 1551 517 1626 laudanti
534 1551 696 1643 eredidit,
716 1555 789 1655 ipse
808 1553 910 1628 subit.

110 1670 231 1743 Atrion
248 1669 426 1744 Actorides
441 1667 566 1744 lectum
584 1671 757 1745 temeravit
770 1670 934 1746 Achillis:

151 1786 323 1883 Quantum
343 1786 385 1860 ad
401 1786 612 1875 Pirithoum,
632 1786 773 1862 Phaedra
791 1789 914 1890 pudiea
929 1788 1005 1863 suit.

111 1900 310 1977 Hermionen
327 1902 488 2003 Pylades,
509 1932 578 2005 quo
592 1901 729 1979 Pallada
743 1904 908 1993 Pboebus,
925 1905 1080 1979 amabat:
1131 1928 1178 1996 74⁵

151 2017 320 2120 Quodque
339 2020 403 2094 tibi
422 2020 593 2115 geminus,
612 2020 776 2122 Tyndari,
798 2023 918 2096 Castor
934 2041 1013 2097 erat.

109 2136 141 2209 Si
156 2138 230 2237 quis
247 2138 336 2213 idem
354 2156 482 2239 sperat,
502 2138 626 2212 laturas
639 2166 741 2241 poma
759 2139 901 2239 myricas

150 2254 281 2355 Speret;
300 2272 335 2329 et
349 2255 386 2327 iu
401 2254 513 2329 medio
531 2253 667 2329 [lumine
685 2251 784 2327 mella
796 2270 899 2355 petat.

107 2376 157 2451 Nil
173 2378 238 2451 nisi
257 2395 355 2481 turpe
367 2378 480 2479 juvat:
496 2406 583 2453 eurae
596 2394 648 2451 est
664 2406 725 2452 sua
741 2377 863 2478 cuique
883 2376 1057 2478 voluptas:

149 2504 227 2576 llaeo
245 2531 380 2603 quoque
399 2503 441 2576 ab
460 2501 596 2576 alterius
615 2517 708 2598 grata
723 2499 841 2574 dolore
858 2501 960 2574 venit.
1123 2526 1174 2594 7⁵⁰

106 2626 173 2700 ileu
190 2626 336 2700 facinus!
355 2653 426 2699 non
441 2639 491 2720 est¹
508 2623 618 2700 hostis
632 2623 833 2698 metuendus
850 2621 991 2698 amanti!

131 2828 183 2895 734.
200 2830 340 2882 Pullrbluue
354 2829 445 2880 retaliet
459 2830 610 2893 ebrposuisse
658 2825 731 2897 gius,
747 2827 830 2893 Quen
839 2826 1099 2894 putaminum.
1109 2827 1174 2878 Ad-

101 2905 241 2974 coru'sQui
248 2906 321 2959 enim
331 2905 446 2958 infirmer
453 2904 609 2958 valetudinis
657 2923 773 2958 noema
781 2905 863 2958 etiam
874 2904 954 2958 estin
962 2902 1052 2958 Oxou.
1064 2903 1155 2956 Scribe
1166 2923 1173 2956 ι

102 2995 186 3050 aaut,
205 2983 315 3054 palliolis
332 2982 505 3038 obnubebant
522 2993 609 3052 caput.
657 2993 713 3033 Nun
728 3007 812 3046 quem,
824 3007 848 3034 ω
859 3006 951 3034 nom
966 2993 1049 3032 niun
1060 2991 1091 3031 tu
1103 3005 1162 3032 um

103 3059 609 3129 Quintilxr,32Pallr‘olum,srrutsas-
732 3065 842 3118 utaque,

100 3145 164 3202 cias,
176 3145 269 3208 quibus
283 3161 357 3194 crura
367 3145 521 3202 vastabatur,
531 3137 610 3205 etse·
683 3139 763 3180 ΝΜ·
770 3139 880 3188 utetttu,
889 3152 962 3178 Μ
971 3139 1029 3179 ³¹⁰³
1035 3138 1114 3204 flur?

100 3223 175 3280 calt'a,
186 3222 247 3272 sola
252 3226 340 3286 polest
349 3237 473 3272 excusare
481 3218 609 3271 valetudo.
658 3219 699 3274 Ut
719 3239 776 3273 esse
785 3217 1015 3289 aubiutelligutur.
1037 3217 1094 3271 Nisi
1112 3218 1171 3288 quis

101 3295 204 3350 Monuit
220 3298 276 3366 jam
290 3297 322 3350 ad
336 3297 482 3352 Historiam
495 3296 608 3366 Augus—
656 3296 745 3364 malit,
757 3299 916 3367 Conponat,
928 3316 963 3348 aa
974 3302 1088 3360 tacetur,
1099 3293 1171 3363 qtrod

100 3383 149 3428 bru
170 3374 331 3443 Salmasius,
349 3386 376 3429 et
396 3375 429 3428 ed
449 3373 608 3428 Tertulliani
656 3376 735 3429 estin
749 3375 875 3445 excerptis
887 3374 1028 3439 Politiani,
1042 3383 1070 3426 et
1086 3372 1170 3426 tribus

98 3457 219 3516 Pallrbur,
232 3473 292 3526 que
300 3465 404 3510 secutus
411 3455 538 3510 Octavius
544 3454 607 3507 Fer·
656 3471 725 3507 ame
736 3453 868 3523 inspeetis.
880 3452 981 3506 Huius.

98 3533 424 3604 emmetegantnsimivir
431 3532 539 3604 ingenii,
548 3551 607 3602 per·
690 3535 745 3602 74¹·
761 3535 925 3600 Quodam
935 3529 1170 3593 Ammeliores.

97 3611 125 3664 tis
134 3611 258 3666 secundae
275 3612 317 3665 lib.
330 3629 375 3679 tv,
391 3629 448 3681 cap.
465 3627 537 3665 xxm
550 3649 558 3677 ,
571 3610 605 3665 de
653 3637 688 3654 ··-
700 3615 826 3666 laudam.
845 3613 953 3665 lactare
967 3611 1118 3666 Patavium.
1137 3609 1169 3662 B.

97 3687 132 3742 lle
138 3690 277 3744 vestiaria.
285 3690 329 3744 sic
337 3691 471 3744 tlleecenas
476 3689 545 3760 apud
553 3689 605 3744 Se·
687 3695 744 3760 745.
764 3693 823 3758 Qua
833 3693 947 3744 Pallada
957 3692 1074 3745 status,
1094 3689 1171 3753 Quod

95 3785 198 3836 neman,
213 3771 332 3840 Epistola
345 3786 425 3824 extr:
437 3773 522 3824 Pallio
531 3773 605 3824 wla-
654 3768 755 3840 Regius
767 3770 881 3839 :reliqui
899 3769 1037 3838 plerique,
1056 3787 1105 3837 quo
1117 3787 1127 3819 .·
1138 3776 1169 3819 ut

94 3853 228 3918 luscapm
240 3860 267 3904 et
275 3850 417 3903 Trimaleio
427 3849 496 3919 apud
507 3850 604 3904 Petro·
652 3866 732 3917 supra
743 3850 793 3902 285
804 3869 811 3902 :

95 3925 180 3994 nium,
194 3949 252 3999 cap.
263 3929 295 3981 32
309 3933 408 3996 :pallio
420 3935 538 3982 coccineo
547 3931 603 3982 ad·
652 3931 736 3983 ntyntn
744 3941 833 3984 sm,
841 3932 963 3982 *dmm*
969 3929 1166 3978 tuantur-uvir

93 4021 172 4058 rusum
183 4011 419 4075 recluseratcaput.
465 4023 470 4032 ·
685 4009 740 4076 747.
759 4008 871 4058 laturas
879 4023 959 4072 poma
966 4008 1084 4074 myrt'cas.
1094 4006 1166 4062 lace

123 4083 176 4156 739
196 4087 352 4152 Conquerar,
365 4103 520 4138 aamercort
533 4091 601 4138 Μίτ-
650 4091 722 4138 turos
730 4085 1164 4154 Regius,()10uieusisetsexalii:

93 4163 139 4211 tm
141 4161 191 4226 sas
202 4181 261 4216 esse
270 4162 412 4230 nefasque?
424 4163 495 4217 Libri
506 4163 602 4216 melio·
651 4163 788 4232 quomodo
809 4166 838 4217 iu
858 4163 1114 4231 observationibus,
1134 4183 1166 4217 ex

94 4242 195 4309 ret,sas
205 4263 280 4298 omre
289 4241 415 4312 aestuque.
428 4242 533 4300 Deinde
545 4243 601 4299 lle-
654 4243 837 4300 bruudeliauo
855 4243 944 4301 codice
965 4245 1079 4302 restituit
1090 4261 1163 4314 pre-
