3009 5000
353 476 589 545 AMORUM
616 477 647 544 1.
677 477 827 544 ELEG.
852 477 944 545 VII.
1143 479 1186 549 33

163 617 318 718 Qualiter
334 615 462 718 abjecta
480 615 521 690 de
538 615 614 688 nive
624 617 742 688 'manat
756 643 852 715 aqna.

113 741 210 813 Tune
228 764 292 833 ego
310 761 363 808 me
379 733 526 835 primum
544 732 630 834 coepi
647 731 770 806 sentire
787 749 986 808 nocentem:

163 852 309 949 Sanguis
327 869 423 926 erant
439 849 601 938 lacrimo,
622 877 705 950 quos
723 837 827 924 dab'st
842 848 916 938 illa,
933 879 1038 926 meus.
1158 879 1194 929 oo

102 972 182 1046 ‘Ter
199 988 310 1043 tamen
327 985 403 1044 ante
421 967 524 1069 pedes
542 965 635 1040 volui
652 966 874 1067 procumbere
890 967 1054 1070 supplex:

163 1087 232 1160 Ter
245 1083 441 1159 formidatas
458 1082 609 1185 reppulit
624 1081 682 1158 illa
698 1109 828 1156 manns.

115 1207 163 1280 At
178 1221 217 1278 tu
237 1231 280 1277 ne
297 1201 432 1290 dubita,
448 1201 579 1275 minuet
591 1199 737 1274 vindicta
755 1197 922 1289 dolorem,

164 1319 326 1394 Protimm
344 1318 380 1392 in
398 1316 513 1392 vultus
529 1316 703 1412 unguibus
720 1317 768 1390 ire
785 1311 898 1403 meos;

116 1438 185 1511 Nec
201 1435 329 1510 nostris
344 1432 470 1522 oeulis,
488 1463 551 1510 nec
568 1433 695 1508 nostris
712 1461 811 1534 parce
828 1431 974 1534 capillis:
1161 1459 1196 1509 ss

164 1551 364 1650 Quamlibet
381 1549 529 1624 infirmas
546 1550 681 1650 adjuvet
697 1550 746 1624 ira
762 1577 897 1624 manns:

117 1669 205 1745 Neve
221 1668 289 1744 mei
307 1666 441 1743 sceleris
457 1685 525 1742 tam
543 1668 651 1742 tristis
668 1667 765 1764 signa
781 1667 968 1767 supersint,

163 1787 260 1860 Pone
276 1785 517 1887 recompositas
535 1785 571 1858 in
589 1785 734 1860 statione
748 1811 870 1869 comas.

119 1989 217 2044 Mureti
226 1998 255 2043 et
262 1987 364 2043 Dourre
371 1987 633 2058 eoder‚summave-
681 2001 768 2061 poeto
785 1989 888 2044 addunt
900 1989 1056 2058 aiterum,
1077 1999 1104 2043 et
1121 1990 1197 2060 posi-

117 2073 156 2122 lnt
166 2070 269 2136 tepr'do‚·
283 2067 304 2121 si
315 2067 456 2138 seperatim
467 2067 550 2140 legas,
561 2089 633 2123 sem·
681 2073 755 2126 tione
763 2072 870 2142 longam
879 2073 986 2127 faciunt.
995 2071 1108 2126 idernfit
1116 2073 1198 2126 etiam

117 2150 354 2216 nutrientia.
680 2149 710 2204 in
727 2149 861 2219 preterito
872 2152 952 2203 ntuli
957 2187 964 2212 ‚
979 2159 1007 2202 et
1018 2153 1104 2217 κρατί.
1117 2149 1197 2202 ilion.

149 2225 190 2278 58.
206 2225 324 2292 Ablircla
339 2229 372 2278 de
383 2231 447 2279 πίοι.
467 2225 507 2279 Er
522 2227 585 2280 ereio
603 2227 632 2280 in
682 2227 723 2280 lta
737 2227 801 2280 olim
819 2245 973 2296 persuasum
993 2226 1198 2292 Grammaticis;

118 2305 316 2372 temms'acla:
329 2304 446 2371 utjaciae
454 2309 525 2357 noes
534 2305 633 2360 Nostro
681 2303 727 2359 sed
740 2297 813 2358 nnnc
824 2304 881 2358 sine
899 2315 974 2356 metu
984 2304 1199 2373 reprehensionis

118 2381 159 2436 lib.
170 2397 213 2450 11,
225 2381 287 2435 Are
301 2381 362 2436 Am.
377 2383 432 2435 232.
446 2382 516 2436 Vide
529 2383 589 2436 inir.
599 2382 632 2436 ad
681 2381 741 2436 talia
749 2381 877 2436 audemus
886 2381 1025 2452 simplicip
1036 2379 1116 2434 edere
1125 2401 1133 2435 τ
1143 2383 1199 2455 syl-

119 2459 190 2533 Eleg.
200 2477 246 2527 tx,
264 2481 302 2514 rs.
310 2460 422 2530 adlicere
430 2479 493 2515 vero
501 2472 540 2516 est
548 2461 576 2515 in
583 2473 633 2516 ter-
680 2456 739 2513 laba
750 2460 793 2514 illa
805 2459 879 2515 eninr
886 2480 922 2525 te,
931 2469 1075 2531 utrumqne
1084 2459 1198 2514 modum

119 2558 173 2593 ram
186 2539 327 2611 projicere.
343 2540 454 2609 Oblectet
464 2540 548 2595 edidit
557 2542 633 2597 Bers-
680 2540 792 2613 recipit,
805 2540 885 2595 etiam
896 2560 952 2594 non
964 2540 1094 2612 duplicata
1106 2560 1197 2595 conso

120 2638 241 2673 munus
253 2618 353 2673 Burri.
681 2629 764 2673 nante
776 2638 783 2673 :
795 2619 832 2671 ita
843 2622 935 2682 receati,
949 2638 1005 2672 non
1018 2622 1120 2673 reccidr'.
1131 2620 1163 2674 B.

146 2697 188 2751 52.
211 2698 266 2750 Ter
266 2696 427 2765 sermidam
436 2707 485 2751 etc.
504 2698 634 2769 Excerpta
713 2694 756 2750 66.
771 2699 918 2764 Quamlibet
923 2700 1038 2769 airsfmas
1045 2698 1152 2769 aris'uoe!
1158 2701 1198 2749 ὑπ

120 2774 231 2843 ru'licet,
245 2784 273 2829 et
282 2786 406 2829 recenter
415 2774 538 2845 quidem,
552 2797 634 2847 quarn
681 2794 780 2829 manns.
793 2777 941 2842 Quamd'del
948 2816 956 2842 ,
966 2775 993 2829 id
1003 2786 1058 2842 est,
1072 2776 1198 2845 quamvis.

120 2864 203 2908 essent
206 2854 389 2923 fhmidandae.
401 2858 575 2926 -Beppule't‚
588 2878 635 2912 re·-
683 2854 752 2924 Lege
765 2854 818 2917 sic,
840 2874 902 2909 cum
918 2854 1071 2908 melioribus
1083 2855 1197 2924 quibus-

121 2932 187 3001 jerit.
194 2931 355 2987 Notandum
364 2945 454 2987 autem
463 2944 515 3003 est,
529 2937 637 3005 Repulit
682 2951 733 3002 que
745 2933 853 3002 scriptis.
867 2932 970 2987 Hrrns.

121 3020 213 3063 natura
222 3011 358 3081 corripere
368 3013 482 3081 primam
492 3014 634 3089 syllabam:
714 3012 756 3083 67.
771 3013 954 3081 Tristtissr'gna.
966 3012 1198 3067 Heinsinsnotavit

121 3100 150 3141 nt
159 3089 260 3143 Medea
273 3089 421 3159 Ovidiana,
434 3094 462 3145 in
472 3094 588 3165 Epistola
600 3096 634 3153 ad
682 3092 710 3147 in
721 3094 807 3163 prima
815 3093 932 3149 editione
941 3096 1196 3166 legistasticasr'pa.

121 3166 247 3222 iasonem
259 3186 326 3223 vers.
343 3170 389 3223 165
401 3191 409 3225 ε
715 3174 832 3228 sepone
837 3182 1069 3244 recomposr'taseto
1079 3179 1196 3247 instatu,

122 3250 206 3306 Qqu-
215 3254 269 3293 fem
277 3252 343 3307 rapuit
351 3253 415 3293 conis
424 3254 553 3296 medicatibus
560 3258 621 3308 igme.
683 3270 736 3321 qno
744 3252 831 3322 prius,
839 3256 968 3327 capillisac
977 3267 1151 3327 responsorum
1160 3275 1196 3310 ne

123 3324 173 3383 Sed
185 3328 367 3399 quandoque,
385 3329 470 3383 immo
482 3341 510 3385 et
519 3330 612 3403 sepius
624 3373 633 3401 ‚
683 3332 755 3403 quod
762 3334 875 3404 supersit
882 3339 988 3390 scelen's
996 3337 1050 3392 mei
1059 3338 1193 3395 indicium·

534 3627 776 3656 ψ
