3009 5000
323 441 388 527 aas
607 440 646 505 P.
675 438 859 509 ov1n11
889 434 1118 505 nasonis

369 584 439 656 Nec
460 578 590 681 tepidus
608 579 738 680 pluvias
757 580 902 653 concitat
919 580 1044 653 Auster
1059 605 1171 679 aquas.

322 702 408 774 Ecce
427 699 491 771 tibi
509 696 645 785 similis,
662 698 720 798 qni
739 696 907 798 quondam
925 693 1086 795 Phryxou
1100 711 1136 767 et
1148 690 1269 767 Hellen
1347 716 1391 796 ¹7³

371 816 501 891 Diceris
518 818 611 889 lno’is
628 814 789 914 eripuisse
804 812 902 887 dolis.

321 932 388 1005 Hic
403 931 510 1005 undas
527 931 692 1017 imitatus,
707 930 811 1005 habet
829 957 964 1030 quoque
977 940 1102 1002 nomen
1118 928 1161 1001 ab
1177 926 1298 1001 undis:

372 1048 578 1147 Crediderim
593 1047 768 1149 Nymphas
782 1047 846 1121 hae
863 1074 925 1141 ego
939 1063 1029 1121 reste
1047 1045 1124 1140 tegi.
1163 1101 1167 1108 -

322 1162 383 1239 Ille
402 1192 536 1239 crocum
555 1162 712 1239 simulat:
729 1190 848 1238 crooeo
864 1160 993 1237 relatur
1008 1160 1147 1249 amietu,

374 1281 521 1356 Roscida
538 1280 694 1355 luciferos
713 1308 819 1381 quum
831 1279 904 1351 Dea
918 1277 1033 1375 jungit
1048 1304 1163 1376 equos.
1353 1298 1396 1347 no

323 1398 390 1471 llic
408 1398 552 1498 Paphias
568 1413 695 1497 myrtos
711 1424 718 1467 :
737 1394 794 1467 hic
809 1420 995 1494 purpureas
1012 1390 1235 1491 amethystos,

373 1512 576 1587 Albentesve
592 1540 704 1598 rosas,
721 1509 951 1583 Threiciamve
969 1534 1095 1603 gruem

324 1638 395 1711 Nee
412 1636 563 1732 glandes,
584 1632 760 1737 Amarylli,
779 1650 862 1721 tuae,
877 1660 939 1707 nec
952 1628 1125 1733 amygdala
1142 1628 1288 1716 desunt,

376 1764 423 1834 Et
438 1790 498 1835 sua
516 1760 694 1835 velleribus
711 1758 847 1831 nomina
868 1785 942 1831 cera
963 1756 1064 1829 dedit.

328 1884 426 1981 Quot
437 1913 525 1959 nova
542 1902 628 1959 terra
644 1882 734 1983 parit
749 1880 867 1970 flores,
887 1909 992 1981 quum
1008 1907 1083 1953 vere
1102 1875 1229 1977 tepenti
1357 1896 1400 1947 nst

332 2094 845 2166 VideSalmas.Exercit.Plin.pag.r43;
894 2092 1047 2165 intelligunt
1060 2110 1134 2158 earn,
1149 2106 1231 2161 quarn
1247 2091 1403 2157 κυμσᾶλὶατη

331 2176 376 2230 ubi
388 2176 501 2230 Tertull.
513 2176 601 2229 locum
613 2173 733 2228 similiter
744 2191 845 2226 emen·
894 2172 974 2243 vulgo
986 2170 1094 2241 quidam
1106 2176 1210 2222 vocant
1222 2168 1332 2220 Mtcrt.

331 2254 390 2319 dat;
406 2266 432 2309 et
442 2256 500 2326 pag.
509 2256 559 2329 399
567 2266 593 2307 et
606 2272 662 2325 77⁰·
675 2253 772 2307 Bonus.
932 2270 986 2322 ιη
1006 2250 1099 2301 Cmceo
1113 2248 1326 2300 armenico.
1341 2247 1405 2298 Cro·

369 2324 424 2402 173.
439 2336 507 2386 Ecce
521 2336 688 2393 tibist'milaek,
704 2336 750 2401 qui
762 2346 848 2399 quon·
896 2335 980 2383 colant
993 2336 1021 2381 et
1038 2330 1190 2382 crocotula
1205 2326 1313 2381 Nonius
1330 2326 1407 2379 Mar-

333 2412 394 2463 dum
408 2420 456 2465 ete
469 2410 613 2464 Galbinum
626 2406 756 2475 colorem,
767 2407 849 2478 quiet
896 2407 977 2463 celius
989 2418 1065 2461 vocat
1077 2406 1162 2461 crocei
1179 2406 1273 2460 coloris
1292 2416 1407 2467 restem,

334 2507 439 2556 aureus,
451 2487 573 2559 intelligit
582 2488 690 2542 Salmas.
700 2486 732 2540 ad
744 2486 849 2557 Vopisc.
899 2486 1034 2558 quomodo
1041 2489 1205 2549 etcallalam,
1214 2506 1228 2538 a
1236 2485 1328 2539 colore
1334 2483 1409 2540 oeltat

335 2567 428 2620 Aurel.
440 2586 494 2635 rap.
508 2567 548 2632 34.
562 2566 623 2620 Vid.
634 2577 661 2619 et
670 2565 849 2631 Turnebuv,
900 2567 978 2622 Idem
995 2568 1067 2622 color
1082 2571 1166 2620 lutens
1177 2572 1203 2619 ei
1214 2571 1342 2619 cmcim.
1353 2562 1411 2618 vit.

337 2645 478 2699 Adversar.
490 2665 545 2715 cap.
559 2646 598 2697 23.
900 2646 1021 2700 Nonium
1033 2646 1061 2699 in
1074 2647 1175 2699 tutas.
1196 2645 1301 2698 Herus.

374 2744 427 2794 ¹77·
450 2725 502 2778 Hic
519 2727 602 2776 undas
620 2728 752 2787 milatus,
774 2726 853 2775 hade!
935 2727 991 2780 180.
1008 2723 1411 2794 Jaafflteqws.t1‹m·t,ltegtm;

337 2821 432 2870 quoque
444 2821 533 2854 nomen
550 2805 583 2854 ab
599 2807 682 2854 undis.
699 2801 742 2854 De
751 2809 753 2816 ’
762 2801 853 2877 glauco
884 2813 998 2872 moret,
1011 2804 1148 2868 Lincotn.;
1164 2809 1268 2870 mereit,
1281 2802 1413 2856 Palatium

338 2881 446 2947 colore,
467 2899 548 2950 quem
568 2880 685 2935 eundem
704 2891 731 2934 et
749 2883 852 2952 dsalum
902 2904 979 2939 unus,
988 2881 1414 2950 Lucr'damrffluos‚l³alatin.;ms⁴

340 2961 464 3030 adpellari
477 2961 539 3016 dicit
549 3002 556 3029 ,
565 2963 672 3034 exponit
681 2962 753 3014 hunc
765 2963 853 3016 lotum
902 2967 963 3017 cr'da
969 2982 1122 3032 purpureos,
1138 2960 1278 3014 Juniauus.

342 3038 456 3093 Merula.
474 3039 528 3094 Sed
548 3061 635 3110 neque
657 3039 711 3094 haee
728 3040 853 3109 expositio
939 3043 993 3108 184.
1004 3043 1413 3094 Etsuavelleribnsuonu'mem

340 3137 388 3189 per
400 3117 490 3170 omnia
499 3119 698 3188 procedittnou
711 3119 855 3189 enimhya·
902 3121 982 3172 dedit.
996 3119 1053 3186 Qui
1069 3119 1143 3171 color
1158 3123 1259 3171 cenans
1277 3117 1413 3181 dicitur,a

341 3201 410 3249 liras
424 3196 500 3249 color
514 3198 565 3264 (ita
582 3197 655 3250 enim
670 3199 714 3250 ἄπο·
729 3208 770 3251 τοῦ
787 3199 855 3251 ὑάλου
905 3215 959 3266 qno
973 3199 1109 3264 Cerr'nm'r',
1123 3196 1169 3266 qui
1185 3196 1295 3260 cerina,
1309 3195 1339 3247 id
1358 3205 1412 3256 est,

342 3273 394 3328 dici
407 3285 478 3328 recte
498 3273 576 3344 puto)
589 3275 661 3328 idem
674 3287 701 3329 et
716 3276 761 3346 qui
776 3275 855 3346 giam
904 3277 974 3330 cerei
983 3276 1076 3329 coloris
1084 3282 1167 3328 vestes
1178 3274 1299 3343 tingunt,
1310 3271 1365 3325 eive
1374 3270 1414 3323 in·

342 3371 403 3406 cus:
416 3352 461 3405 sed
474 3353 587 3418 vitreus,
600 3353 661 3405 vitri
679 3355 855 3424 perspicuita-
905 3353 1007 3408 fidunt.
1018 3355 1112 3422 Neque
1124 3349 1350 3406 temleuscolora
1359 3369 1414 3404 nera

341 3439 398 3484 tem
407 3433 532 3484 reserens.
540 3430 645 3484 Deinde
654 3431 856 3500 nequeabtmda
906 3433 1016 3501 dicitnr,
1026 3445 1056 3486 ut
1068 3434 1174 3488 Merula
1184 3431 1327 3502 putatzeed
1340 3441 1415 3485 utne·

341 3527 442 3560 nomen
460 3527 538 3560 suum
554 3507 635 3561 habet
645 3511 768 3576 glaucus!
785 3509 857 3562 For·
907 3512 1175 3586 terietymologici,a
1186 3512 1241 3566 eali
1253 3511 1415 3582 apparentia,

342 3587 416 3642 taseis
429 3597 518 3640 autem
532 3598 609 3657 poeta
621 3607 683 3640 eum
695 3589 811 3641 colorem
821 3590 858 3643 si·
907 3593 960 3645 sive
971 3592 1074 3660 speeie,
1088 3590 1160 3659 quasi
1171 3593 1297 3642 centens.
1312 3589 1348 3643 Et
1358 3587 1418 3642 illud

343 3667 469 3738 gnificat,
484 3665 555 3719 unde
571 3673 654 3719 vestes
667 3670 795 3720 undulata
811 3669 858 3722 di·
908 3670 1041 3740 Propertii
1049 3670 1076 3722 in
1087 3670 1113 3718 V
1114 3678 1255 3733 ertumno',
1270 3666 1419 3741 1V,Et.n,

345 3758 456 3800 cuntur:
465 3744 693 3814 quemadmodum
704 3746 858 3801 alluotuum
909 3751 950 3815 42,
959 3747 1146 3818 quodquidam
1155 3746 1286 3816 adlegant,
1299 3748 1422 3799 Certim

345 3825 447 3886 colore,
462 3825 515 3878 sive
529 3825 631 3895 specie,
645 3830 786 3896 cymaliles.
797 3828 859 3881 Sive
908 3833 1034 3888 cucurrit,
1046 3829 1187 3894 tumidoque
1197 3828 1333 3878 marma
1341 3831 1424 3877 ventre

347 3899 379 3954 de
393 3902 486 3956 iisdem
498 3901 675 3972 intelligamus
687 3904 821 3975 cymatiles
832 3914 860 3959 et
909 3916 958 3960 ete.
969 3905 1035 3959 nihil
1048 3905 1080 3958 ad
1092 3924 1151 3958 rem
1162 3911 1325 3974 prasentem
1342 3902 1419 3955 facit:

345 3978 502 4047 undulatas,
514 3981 567 4034 sive
581 3980 614 4035 de
628 3981 751 4049 diversis,
761 3993 790 4034 ut
800 3983 861 4052 qui-
909 4003 993 4055 quum
1004 3985 1101 4038 ibinon
1114 4001 1259 4056 cyaneum,
1268 3981 1315 4051 qui
1324 3981 1422 4035 Graes

344 4057 455 4112 busdam
476 4060 600 4129 videtur,
617 4063 663 4131 qui
680 4062 769 4115 locum
789 4061 861 4116 hune
910 4063 1152 4133 caeruleusproprie
1164 4071 1217 4123 est;
1229 4059 1277 4114 sed
1288 4059 1426 4113 flammae

345 4147 430 4206 poetae
439 4136 472 4190 de
483 4139 596 4210 cymatili
608 4141 709 4204 colore,
724 4141 777 4195 sire
789 4153 860 4195 veste
910 4159 1018 4196 cereum
1029 4137 1284 4208 colorem,qnalisin
1293 4143 1426 4191 cucume-

347 4214 483 4284 aecipiunt.
492 4217 860 4274 Undulatamautemrestem
909 4219 983 4275 ribus
992 4219 1122 4286 cernitur,
1135 4216 1272 4289 significet.
1285 4217 1392 4270 Mrem
