3009 5000
349 454 415 548 274
636 458 675 522 r.
702 456 886 525 0v1n11
914 454 1146 526 nnsonls

347 598 459 668 Insere
476 612 508 668 te
526 594 632 669 turbae
641 622 650 683 ;
669 592 850 695 leviterque
866 594 1022 669 admotus
1038 595 1148 683 eunti,
1364 621 1414 671 605

395 708 488 783 Velle
505 707 592 782 latus
610 708 744 805 digitis,
764 728 798 784 et
812 709 898 811 pede
917 728 1016 805 tange
1032 709 1161 812 pedem.

348 823 528 925 Colloqnio
542 824 609 924 jam
627 842 757 926 tempus
774 824 869 901 adest
883 857 892 899 :
906 826 986 921 fuge
998 826 1121 901 rustice
1134 824 1235 921 longe

394 944 483 1016 Hinc
498 941 611 1044 pudor
632 941 836 1017 :audentem
853 942 1004 1044 Forsque
1021 944 1205 1045 Venusque
1219 944 1348 1043 juvant.

343 1062 423 1135 Non
439 1077 497 1133 tua
511 1060 575 1133 sub
591 1078 723 1133 uosuas
739 1058 851 1133 veniat
865 1057 1021 1133 facundia
1036 1056 1145 1153 leges:

394 1178 606 1264 Facftantmn
621 1176 782 1277 incipias:
801 1191 922 1276 sponte
938 1174 1080 1250 disertus
1094 1174 1170 1247 eris.
1368 1196 1413 1247 610

343 1295 406 1365 Est
420 1293 483 1366 tibi
501 1292 649 1389 agendus
667 1321 796 1379 amans,
815 1290 1041 1393 imitandaque
1058 1289 1196 1365 vulnera
1208 1290 1345 1365 verbis:

344 1396 349 1407 ⁸
394 1410 483 1481 Hinc
501 1408 564 1481 tibi
584 1424 750 1509 quaeratur
766 1405 918 1508 qualibet
932 1424 1001 1480 arte
1018 1405 1111 1480 fides.

341 1526 411 1599 Nec
425 1523 515 1597 credi
532 1521 628 1597 labor
647 1541 716 1608 est;
731 1522 797 1595 sibi
816 1550 956 1625 quaque
971 1521 1103 1596 videtur
1117 1522 1258 1597 amanda
1271 1555 1280 1596 :

390 1646 538 1720 Pessima
556 1646 619 1733 sit,
638 1643 723 1719 nulli
740 1673 812 1718 non
831 1672 893 1717 sua
906 1643 1016 1717 forma
1032 1644 1152 1745 piacet.

341 1768 433 1869 Saepe
452 1785 560 1841 tamen
578 1795 652 1841 vere
668 1767 771 1868 coepit
786 1764 963 1839 simulator
978 1794 1087 1841 amare
1103 1796 1112 1855 ;

389 1892 498 1995 Saepe,
518 1891 611 1993 qnod
628 1891 794 1993 incipiens
809 1891 950 1964 finxerat
965 1919 1053 1980 esse,
1073 1891 1147 1964 fuit.

341 2017 422 2114 Quo
439 2018 545 2113 magis
561 2047 583 2090 ο
602 2016 714 2091 faciles
732 2017 943 2093 imitantibus
960 2034 1045 2104 este,
1062 2015 1203 2117 puellm

387 2142 462 2215 Fiet
477 2168 571 2213 aanor
587 2168 705 2227 verus,
725 2140 784 2239 qui
800 2140 903 2213 modo
920 2140 1025 2214 falsus
1043 2157 1122 2213 erat.
1254 2235 1258 2242 ι

339 2262 517 2337 Blanditiis
532 2264 677 2337 animum
692 2262 809 2335 furtim
826 2262 1031 2363 deprendere
1047 2289 1138 2335 nunc
1155 2262 1222 2348 sit,

391 2390 440 2460 Ut
456 2388 606 2487 pendens
623 2384 750 2486 liquida
765 2387 839 2487 ripa
854 2386 989 2460 subitur
1006 2415 1100 2486 aqua.
1366 2408 1413 2459 aa»

340 2513 411 2584 Nec
427 2510 562 2597 faciem,
581 2539 642 2584 nec
659 2527 692 2584 te
708 2511 822 2611 pigeat
838 2510 972 2585 laudare
990 2506 1146 2611 capillos;

339 2725 375 2778 sic
387 2725 559 2784 Tarlaraaal,
572 2732 599 2774 et
609 2721 702 2776 similia
707 2721 853 2791 passimff.
935 2724 992 2794 617.
1008 2726 1179 2776 Imllaalr'las.
1190 2724 1344 2776 Jaraalr'lss
1359 2723 1413 2776 Ju-

372 2801 430 2854 bob.
441 2804 591 2854 Vellelalas.
597 2801 667 2852 Pelle
673 2798 749 2852 multi
754 2798 852 2868 scripti.
902 2803 940 2858 nii
952 2823 958 2856 :
970 2807 1150 2856 simulantibus
1163 2802 1266 2855 volebat
1280 2802 1413 2856 Francius.

338 2881 417 2933 Molle
426 2883 494 2932 lalus
507 2875 593 2930 Vossii
604 2887 631 2930 et
643 2885 696 2929 tres
707 2876 758 2930 alii.
767 2879 853 2944 Taage
934 2881 991 2952 ⁶¹9
1007 2882 1104 2933 Fadia
1124 2881 1274 2947 deprendere
1290 2898 1360 2932 mc
1373 2882 1413 2930 sil.

339 2957 459 3010 Vossian.
470 2966 498 3009 et
507 2954 561 3008 duo
572 2954 622 3008 alii.
634 2953 733 3008 Buuu.
902 2959 951 3013 Est
960 2960 1123 3030 graecismus,
1132 2959 1166 3012 de
1182 2977 1236 3028 quo
1247 2960 1317 3012 iufra
1326 2959 1370 3012 lib.
1379 2971 1412 3022 11,

372 3037 429 3089 608.
442 3035 584 3088 Aadealem
593 3035 703 3102 Forsque
721 3034 853 3101 Venusque
901 3059 967 3093 vers,
973 3039 1089 3092 annuale
1098 3039 1180 3108 igitur
1189 3037 1276 3108 potior
1284 3038 1413 3092 librorum

332 3117 434 3185 javaul.
454 3115 585 3168 Audenles
605 3107 853 3164 Sarravianuszsed
900 3114 1414 3186 Pamssssl'fiafflessius01010115011·

338 3193 469 3243 andralam
487 3189 577 3242 Editio
596 3185 681 3256 prima
700 3197 727 3240 et
745 3185 852 3256 triginta
900 3194 1022 3258 simum
1033 3195 1161 3264 excerptis
1172 3193 1316 3265 scaligeri,
1327 3193 1413 3248 etalio

337 3289 381 3321 §cx
399 3267 487 3337 scripti
500 3287 506 3319 ἱ
519 3265 599 3335 idque
618 3284 713 3318 verum
735 3285 807 3331 esse,
821 3284 852 3316 ex
900 3269 1004 3336 codice,
1022 3291 1073 3324 mm
1084 3273 1269 3341 sphpmximo
1277 3291 1357 3326 versu
1366 3290 1413 3340 pro

339 3345 475 3400 ‹zommnui
485 3343 555 3396 dicto
564 3354 590 3396 et
599 3343 745 3399 imitatione
755 3341 852 3412 Virgi-
898 3353 956 3416 ripa
965 3353 1076 3412 sabalar,
1090 3349 1281 3406 Lincofuiensis
1291 3389 1300 3416 ,
1312 3355 1411 3404 salitur.

336 3425 420 3491 finna,
433 3443 487 3476 esse
500 3422 619 3475 arbitror.
632 3423 729 3477 Buunt.
899 3428 1095 3481 Arundefianus
1107 3468 1115 3495 ,
1126 3437 1238 3483 cavalar.
1251 3431 1355 3484 Hiatus.

370 3504 428 3554 610.
446 3505 501 3554 Fac
511 3507 609 3552 laalam
618 3505 715 3568 capras.
727 3501 801 3568 Iuro,
810 3505 852 3552 la·
931 3507 989 3561 620,
1008 3509 1046 3559 Il!
1055 3511 1169 3576 pendeas
1181 3512 1280 3577 lepuida
1290 3515 1352 3578 ripa
1363 3529 1413 3562 51-

335 3585 434 3650 cr'pr'as:
445 3577 516 3647 quod
525 3577 554 3630 in
564 3577 654 3630 multis
664 3577 797 3632 codicibus
805 3598 851 3632 ex·
898 3587 967 3638 ba'lar
978 3604 1053 3654 aqua.
1069 3587 1109 3640 Ut
1124 3587 1223 3641 sensim
1242 3608 1312 3657 aqua
1327 3589 1411 3659 ripam

336 3657 457 3724 tnt,etin
467 3655 850 3726 Erfurtanozinzerlingusin·
898 3662 985 3729 subit,
1005 3663 1047 3715 vel
1068 3663 1241 3730 altissimam
1260 3667 1298 3723 sic
1319 3667 1412 3720 blanda

335 3737 417 3790 venit.
430 3737 532 3790 Noturn
541 3733 621 3800 illud,
637 3736 778 3787 Dimidium
779 3732 855 3800 sacli
899 3742 979 3793 verba
989 3761 1066 3796 aures
1077 3741 1195 3810 primum
1206 3745 1339 3810 subeunt,
1353 3745 1412 3798 fur-

335 3820 382 3882 γαί
398 3815 460 3867 beas
475 3817 570 3881 capit,
582 3815 660 3864 babel
667 3831 676 3863 :
689 3822 716 3864 ct
728 3810 850 3882 adagium
900 3819 1000 3887 timque
1012 3859 1019 3886 ,
1032 3830 1059 3872 et
1075 3821 1147 3889 quasi
1159 3821 1299 3886 stillatum,
1311 3823 1340 3876 in
1351 3822 1411 3875 ani-

336 3887 543 3969 Graecnm‚fppl
556 3893 622 3946 dieu
634 3891 850 3958 ἥμισυεαντές-Η.
898 3916 975 3948 mum
994 3916 1050 3950 sese
1069 3897 1205 3952 insinuant
1224 3899 1336 3969 puelle,
1355 3918 1413 3969 quaa

367 3971 424 4022 bra,
442 3973 511 4023 Hiac
522 3973 573 4022 libi
583 3975 714 4038 quaralar.
732 3967 849 4038 Regius,
898 3974 1000 4027 facibus
1011 3973 1144 4028 blanditiis
1155 3975 1265 4046 capitur.

335 4060 455 4119 excerpta
468 4048 591 4119 Scafigcri
602 4089 609 4115 ,
620 4049 705 4118 prima
717 4047 812 4115 editio,
822 4058 850 4101 et
931 4051 988 4104 bar.
1000 4053 1117 4106 Laudare
1125 4058 1242 4122 capillos.
1253 4046 1412 4126 Conjccerat

335 4124 429 4180 decern
440 4127 499 4180 libri
511 4127 614 4196 scripti,
625 4129 688 4178 Hac
697 4129 750 4179 ule:
761 4125 847 4198 Lege:
898 4128 961 4180 oiim
969 4133 1084 4196 papillas
1095 4131 1221 4187 Heinsius
1228 4156 1236 4200 ;
1244 4153 1308 4188 uam
1319 4133 1348 4187 in
1357 4155 1410 4188 nnn

336 4215 377 4252 llnc
387 4209 423 4250 tihi
432 4217 531 4264 (prematur
539 4209 648 4263 qrrnmlibet
656 4217 697 4248 reste
705 4209 760 4248 fides.
899 4205 988 4262 codice
1002 4219 1059 4261 emt
1068 4248 1075 4274 ,
1082 4213 1182 4277 puella,
