3009 5000
430 482 673 551 aunuum
702 484 923 553 ursolus.
1145 484 1213 581 ⁴²7

184 622 231 695 Et
247 621 276 694 si
295 650 361 722 qua
379 639 429 696 est
442 622 530 695 duro
546 640 643 724 capta
659 622 772 725 puella
787 625 872 699 viro.

135 738 170 813 ls
187 738 271 811 mihi
286 738 335 812 sic
353 738 458 813 dixit:
475 739 638 839 [dubito,
653 768 795 815 verusne
814 740 949 842 Cupido
1166 764 1216 823 555

185 856 241 954 An
257 883 396 929 somnus
413 857 534 943 firerit;
549 856 607 931 sed
623 876 709 958 puto
725 886 865 931 somnus
885 856 984 957 erat]

139 970 173 1043 Ο
190 971 248 1072 qni
264 970 427 1047 sollicitos
443 973 547 1048 modo
565 973 640 1064 das,
658 974 761 1049 modo
779 973 884 1049 demis
899 1001 1043 1063 amores,

186 1086 304 1185 Adjice
320 1088 496 1189 preceptis
513 1090 579 1163 hoo
598 1119 753 1192 quoque,
770 1094 879 1181 Naso,
899 1090 975 1165 tuis.

137 1205 193 1279 Ad
209 1205 295 1280 mala
313 1207 457 1308 quisque
472 1207 619 1281 animum
637 1206 760 1282 referat
773 1236 850 1296 sua;
863 1225 970 1309 ponet
985 1235 1147 1282 amorem:

187 1323 357 1397 Omnibus
373 1322 432 1397 illa
448 1325 541 1398 Deus
557 1323 675 1426 plusve
688 1323 841 1399 minusve
858 1322 961 1401 dedit.
1164 1345 1215 1398 560

136 1439 209 1537 Qui
225 1439 343 1515 Puteal
360 1443 550 1543 Janumque
572 1439 681 1531 timet,
697 1441 888 1544 celeresque
905 1440 1090 1531 Kalendas,

184 1559 357 1659 Torqueat
371 1558 461 1633 bunc
480 1559 553 1632 aris
572 1576 689 1635 mutua
706 1588 835 1633 summa
854 1560 917 1635 sui.
1203 1566 1206 1571 ’

136 1672 201 1747 Cui
217 1692 313 1774 pater
328 1693 380 1750 est
396 1676 520 1766 durus,
537 1676 627 1751 votis
644 1694 685 1751 ut
701 1695 809 1752 cetera
826 1674 964 1766 cedant,

185 1798 275 1871 Huic
293 1816 388 1899 pater
404 1817 481 1874 ante
496 1799 613 1875 oculos
629 1800 734 1875 durus
752 1800 929 1876 habendus
948 1800 1020 1873 erit.

135 1917 202 1993 Hic
218 1919 303 1995 male
319 1920 431 1997 dotata
448 1950 579 2024 pauper
595 1953 673 1998 cum
690 1925 833 2022 conjuge
850 1924 953 1997 vivit:
1166 1938 1216 1993 565

186 2044 334 2118 Uxorem
351 2041 420 2117 fato
438 2042 550 2121 credat
570 2045 689 2121 obesse
708 2076 782 2120 suo.

137 2166 200 2238 Est
216 2166 280 2239 tibi
297 2196 374 2241 rure
392 2168 485 2243 bono
501 2198 669 2265 generose
686 2169 807 2245 fertilis
824 2198 895 2243 uva

134 2388 215 2454 Inque
226 2391 282 2439 sais
290 2390 401 2454 galitiam
412 2392 557 2457 lampadis,
581 2410 652 2445 unus
700 2400 748 2443 tuo
761 2391 868 2461 accepit
886 2390 993 2443 Merula
1002 2400 1112 2463 ¹autem,
1125 2390 1217 2444 Malao

134 2464 249 2520 Putean.
261 2476 289 2520 et
299 2464 435 2522 Leidensis
447 2487 455 2521 ι
465 2470 578 2525 tenurit
586 2471 651 2526 olim
699 2490 769 2533 cura,
779 2470 851 2540 lepit3
860 2469 1020 2540 exponitque
1033 2468 1066 2523 de
1075 2468 1216 2540 ere,quod

134 2545 272 2612 Heinsius,
285 2548 420 2613 lampass'n.
431 2548 482 2600 Vix
493 2560 575 2618 puto:
587 2569 651 2606 narn
701 2550 759 2619 quis
772 2549 826 2602 aliis
835 2559 931 2602 mutuo
942 2547 1022 2601 dedit
1036 2547 1091 2602 Sed
1100 2549 1161 2603 huie
1170 2567 1217 2603 ex-

132 2624 201 2678 sulet
215 2628 309 2679 addere
325 2627 424 2681 Noster
438 2647 502 2681 eum
520 2631 651 2700 praeposi·
700 2627 826 2697 positioni
842 2645 993 2697 repugnare
1006 2626 1130 2694 videtur,
1143 2625 1215 2697 quod

131 2703 207 2758 tione
220 2708 262 2764 ia,
278 2715 306 2757 et
317 2706 463 2759 accusativo
474 2707 596 2777 jungere.
699 2725 779 2761 versu
790 2705 951 2777 praecedenti
963 2706 1075 2773 dicitur,
1093 2708 1148 2773 Qui
1161 2709 1216 2761 Pa-

167 2784 226 2852 557.
244 2782 322 2850 Opti
328 2787 462 2837 sollicitas.
473 2785 573 2856 Regius
580 2826 589 2852 ,
596 2789 652 2840 sal·
699 2789 766 2846 real,
774 2789 919 2855 Ianumque
929 2789 1002 2838 taust
1008 2796 1057 2840 etc.
1064 2803 1071 2840 τ
1078 2803 1133 2838 non
1143 2785 1217 2839 enim

130 2860 649 2928 liceiasrsrribendurusorte,salls'cr'tr's.·
699 2863 862 2930 creditores,
881 2862 928 2917 sed
946 2861 1080 2917 debitores
1099 2862 1216 2932 judicem

130 2938 230 2994 seilioet
239 2940 381 3010 juvenibus
393 2952 421 2994 et
432 2941 533 3011 puellis.
699 2953 842 3009 metuunt,
855 2951 883 2996 et
895 2941 927 2995 de
941 2953 1062 3013 tempore
1078 2943 1216 2996 solutionis

168 3019 226 3071 558.
238 3020 298 3072 Hac
305 3038 409 3089 qaoque.
417 3021 585 3090 Hecpuopaa
593 3039 650 3073 rne-
698 3020 802 3074 solliciti
812 3031 884 3074 sunt.
896 3021 1002 3074 Mrcrr..

132 3095 222 3150 liores.
733 3101 1216 3170 563.curdmsparerest,utvoroce

167 3175 226 3228 ibo
235 3177 412 3231 Omnibasr'lla
417 3179 499 3232 Dm.
507 3181 555 3235 Ille
561 3177 651 3248 scripti
700 3187 755 3234 tera
765 3183 864 3234 cedant.
881 3180 980 3235 Melius
991 3190 1106 3252 quatuor
1114 3179 1217 3250 scripti:

132 3253 256 3326 plerique
272 3275 336 3310 eum
353 3258 438 3327 prim
454 3258 572 3313 editione
583 3278 590 3324 3
603 3256 651 3312 sed
699 3264 738 3304 cui
745 3272 801 3315 pater
808 3264 921 3313 estdsrrus,
931 3265 1012 3304 atsutia
1021 3271 1086 3304 uetera
1093 3264 1177 3302 sedam:

134 3335 224 3390 male:
238 3337 310 3390 refer
321 3337 354 3390 ad
365 3341 443 3390 mala.
459 3339 561 3392 lime.
699 3339 750 3393 nisi
757 3338 839 3408 quod,
846 3337 1010 3409 transpositis
1018 3337 1135 3405 vocibus,
1147 3338 1216 3410 lego,

169 3415 228 3467 561.
245 3417 345 3469 Puteal.
366 3417 422 3469 Ara
439 3417 506 3483 suit,
520 3416 650 3485 adquam
699 3422 768 3470 wiri
779 3424 815 3470 at.
828 3418 929 3471 Herus.

131 3495 307 3548 feneratores
325 3494 538 3560 conveniebant,
555 3506 583 3548 et
600 3495 651 3549 hoo
738 3495 797 3548 555.
821 3499 884 3549 Cam
901 3495 1010 3564 coelites
1026 3499 1097 3548 ariri.
1116 3496 1221 3548 Domai

133 3570 307 3625 doeetlaaas
317 3571 650 3642 adjunctuspalaalimam
700 3573 826 3629 Politiani
844 3572 927 3627 codex
942 3584 970 3627 et
983 3572 1216 3642 Cantabrigiensis.

132 3661 162 3703 et
170 3649 204 3703 ad
212 3650 287 3703 illum
295 3651 468 3705 feneratores
479 3663 595 3706 versatos
605 3651 651 3704 do·
702 3656 830 3721 Qar'male
841 3655 932 3706 dolata
941 3653 1020 3706 etiam
1033 3663 1087 3706 tres
1099 3651 1166 3704 libri.

132 3729 392 3796 eetHomtll,Sat
401 3747 447 3797 nr,
460 3733 504 3784 18:
513 3735 651 3801 Postquam
734 3730 791 3783 566.
802 3730 1217 3799 Usaremfatocredatadessesao.

131 3813 217 3862 amari
224 3827 264 3862 m
274 3809 428 3877 masmcla
438 3819 479 3862 est
489 3813 538 3864 Ad
542 3814 651 3864 medum
699 3810 818 3879 Scaliger
830 3808 990 3864 emendabat
1001 3827 1009 3862 ·.
1023 3810 1133 3862 Uxorem
1139 3807 1217 3874 sacta

131 3886 238 3938 lam.
250 3885 294 3939 De
306 3905 361 3956 quo
372 3887 391 3939 J
392 3906 445 3940 ano
454 3893 537 3941 aredio
548 3888 651 3942 diversa
699 3892 789 3942 credat
798 3891 891 3942 adesse
901 3907 956 3942 sao.

132 3963 311 4019 sentiuntviri
323 3965 408 4023 docti.
419 3985 479 4035 quae
490 3985 564 4020 nunc
575 3986 651 4021 exeu·
734 3967 791 4038 567.
809 3969 878 4020 liure
889 3969 961 4019 bono.
975 3965 1042 4019 Tres
1054 3965 1153 4035 scripti,
1162 3985 1218 4018 mre

133 4053 192 4097 tere
205 4063 262 4096 non
273 4055 354 4098 vacat
367 4045 467 4098 Burin.
699 4063 779 4107 aava,
791 4045 862 4114 quod
881 4046 993 4098 minime
1011 4043 1194 4114 spernendum
1209 4063 1215 4096 z

176 4123 233 4177 562.
257 4127 382 4193 Torpent
400 4128 468 4178 hanc
486 4129 545 4176 ena
561 4131 651 4176 malua
699 4123 788 4192 major
807 4125 881 4178 enirn
901 4123 1083 4180 sollicitudinis
1104 4123 1217 4176 materia

133 4221 235 4256 sanna
247 4209 296 4256 σοι’.
309 4205 370 4258 Hoc
381 4215 437 4270 est,
451 4204 542 4256 anxius
553 4214 581 4256 et
592 4203 651 4256 sol·
699 4203 772 4256 nasci
791 4221 865 4272 posse
883 4203 989 4257 videtur
1007 4221 1039 4256 ex
1055 4221 1120 4257 πονο
1134 4221 1216 4267 rure,

133 4281 223 4337 licitos
229 4282 264 4336 de
272 4301 339 4349 tre,
348 4282 420 4351 quod
427 4281 586 4352 ipseabaliis
593 4299 651 4334 mu·
700 4281 774 4350 quod
786 4301 860 4336 nune
872 4282 983 4337 demum
995 4283 1105 4339 culture
1114 4301 1129 4336 a
1139 4280 1218 4335 nobis
