3009 5000
409 459 662 531 REMEDIA
693 464 918 535 AMORIS.
1135 467 1200 553 413

120 603 228 699 Exige
245 600 340 703 quod
356 622 486 695 cantet,
501 606 531 680 si
550 623 683 708 quaest
699 608 772 683 sine
791 637 872 683 voce
889 607 1023 710 puella:

168 720 237 793 Fac
253 717 369 809 saltet,
382 722 490 795 nescit
506 722 537 799 si
555 752 623 824 qua
638 752 772 823 movere
789 754 935 800 manum.
1255 822 1256 827 ἵ

122 837 271 912 Barbara
287 866 441 913 sermone
459 857 530 935 est;
548 839 600 914 fac
618 858 727 916 tecum
743 840 851 917 multa
866 841 1035 944 loquatur.
1153 866 1204 919 335

170 957 252 1030 Non
268 954 386 1029 didicit
402 956 546 1031 chordas
564 975 720 1053 tangerc3
738 986 842 1060 posce
860 957 975 1060 lyram.

123 1071 253 1145 Durius
270 1072 422 1147 incedit?
437 1072 509 1148 sace
525 1074 724 1149 inambulet.
745 1077 857 1149 Omne
874 1074 1009 1177 papilla

173 1189 297 1263 Pectus
313 1188 443 1263 habeut
461 1190 618 1265 tumida?
633 1192 734 1266 fascia
752 1191 847 1267 nulla
863 1210 964 1289 tegat.

125 1302 162 1376 si
178 1301 264 1378 male
281 1304 416 1379 dentata
428 1324 496 1395 est;
512 1335 628 1397 narra,
645 1309 737 1409 quod
755 1310 880 1399 rideat,
900 1308 960 1383 illi.

172 1420 342 1497 Mollibus
360 1440 411 1498 est
427 1421 561 1498 oeulis?
577 1423 669 1525 quod
686 1424 764 1500 lleat
779 1424 854 1515 illa,
870 1425 967 1500 refer.
1156 1441 1206 1510 340

124 1537 283 1612 Proderit
299 1555 334 1613 et
350 1538 485 1630 subito,
504 1569 608 1641 quum
629 1570 664 1615 se
682 1570 754 1617 non
771 1542 906 1618 finxerit
922 1540 1001 1629 ulli,

173 1655 230 1728 Ad
247 1654 416 1728 dominam
434 1654 556 1730 celeres
572 1686 668 1745 mane
686 1658 804 1735 tulisse
822 1659 956 1757 gradus.

125 1771 320 1846 Auferimur
335 1771 429 1848 cultu
445 1802 453 1846 :
467 1774 607 1868 gemmis
624 1803 773 1877 auroque
793 1792 955 1871 teguntur

177 1887 303 1962 Omnia
319 1916 421 1990 :pars
439 1888 578 1962 minima
593 1908 645 1963 est
662 1892 735 1992 ipsa
753 1890 866 1993 puella
882 1892 945 1966 sui.

127 2003 242 2107 Saepe,
258 2004 321 2079 uhi
335 2006 395 2093 sit,
414 2004 507 2107 quod
526 2035 632 2095 ames,
647 2008 737 2083 inter
753 2027 821 2082 tam
838 2008 945 2083 multa
962 2006 1131 2108 requiras:
1158 2026 1210 2095 345

177 2122 315 2223 Decipit
331 2121 394 2197 hac
412 2122 529 2197 oculos
546 2124 652 2219 aegide
670 2124 762 2199 dives
780 2126 897 2199 Amor.

126 2239 337 2342 Improvisus
355 2238 449 2328 ades;
469 2239 654 2342 deprendes
673 2258 767 2315 tutus
785 2240 967 2315 inermem:

178 2354 298 2430 Infelix
315 2356 406 2430 vitiis
424 2357 554 2432 excidet
570 2355 628 2432 illa
645 2357 726 2431 suis.

125 2476 199 2550 Nec
217 2491 328 2549 tamen
344 2472 424 2548 huic
439 2474 581 2549 nimium
598 2490 767 2576 praecepto
782 2473 916 2549 credere
935 2489 1045 2548 tutum
1063 2490 1133 2565 est;

162 2669 222 2724 333.
234 2671 320 2737 Exige
327 2671 399 2738 quod
404 2677 498 2724 carlet.
513 2671 552 2723 m
560 2677 648 2723 carlet
694 2673 821 2739 quuatur.
830 2670 1213 2738 Puteaneusunus‚tecum!,'

130 2747 233 2819 Regius
245 2757 273 2800 et
280 2748 449 2813 Putemus,
460 2765 523 2802 cum
534 2748 586 2801 alio
595 2749 647 2802 Re·
693 2751 820 2822 mallem,
834 2751 885 2818 sac
901 2759 998 2814 lecum,
1015 2759 1043 2805 e!
1058 2756 1152 2815 mulla,
1171 2757 1210 2807 Io·

130 2827 183 2897 gio.
198 2827 247 2878 vu
254 2833 343 2879 caule!
352 2824 478 2895 scaligeri
489 2836 611 2895 excerpta
621 2835 649 2879 et
695 2835 806 2897 quatur:
817 2839 916 2882 crescet
929 2828 1003 2882 enim
1015 2828 1106 2882 odium
1119 2840 1147 2883 et
1157 2831 1211 2884 sas-

129 2905 236 2971 Jureti,
253 2923 317 2958 cum
332 2921 387 2957 uno
398 2904 544 2957 Puteaneo.
557 2903 644 2972 Lege,
695 2904 791 2958 tidiurn
798 2924 829 2958 ex
838 2909 917 2958 mullo
926 2916 952 2959 et
961 2911 1068 2959 barbam
1075 2925 1210 2962 sermone.

129 2990 229 3054 exigito
240 2991 348 3038 carlet:
368 3003 437 3055 saepe
447 2984 485 3038 sic
500 2993 646 3053 peecatum.
727 2983 785 3053 337.
799 2983 897 3035 nunus
906 2983 1094 3052 incedmace
1103 2993 1134 3038 ut
1147 3005 1210 3038 am-

131 3063 188 3117 Pro
198 3068 283 3133 siqua
289 3070 336 3127 est,
347 3081 418 3116 unns
427 3082 458 3115 ex
468 3061 551 3129 meis,
562 3066 646 3130 siqua
694 3064 769 3114 balet.
783 3059 880 3131 Scripti
889 3061 1022 3130 plerique,
1027 3061 1078 3129 lac
1088 3066 1210 3119 ambulat.

130 3149 193 3197 aaut.
206 3144 290 3198 lusu.
697 3139 810 3210 Regius,
813 3139 1015 3206 factitambulel.
1023 3141 1137 3211 Excepta
1146 3143 1212 3198 Sca-

165 3225 223 3292 ³34
232 3227 287 3279 Fac
296 3227 389 3286 saltet,
402 3227 486 3277 uesci!
494 3226 523 3275 si
530 3239 581 3290 qu
591 3241 648 3275 mo-
695 3217 781 3289 ligeri,
785 3218 850 3285 sace
859 3224 1000 3274 inambulet
1010 3221 1087 3288 :fisce
1098 3243 1148 3293 pro
1150 3226 1210 3293 sac,

130 3322 301 3357 reremaneret.
310 3301 421 3372 Optime
427 3303 645 3361 Momentum,
697 3298 894 3352 usitatissimum
911 3299 1017 3353 Nostro.
1032 3301 1216 3357 Inambulandr'

132 3380 646 3460 zumurusiceateg.Met.XIV,520:
695 3375 778 3429 verbo
793 3377 950 3444 [requenter
966 3396 1027 3431 usus
1041 3388 1080 3432 est
1093 3377 1210 3434 Cicero:

131 3469 166 3509 Ad
173 3479 280 3508 smum
289 3465 347 3505 most
356 3467 447 3505 mem
454 3465 528 3504 duxere
535 3464 622 3502 thome.
696 3451 760 3506 hinc
768 3464 795 3507 et
806 3457 974 3508 incautelam
984 3454 1055 3524 apud
1066 3457 1212 3514 Catullum.

130 3545 241 3597 Jaclare
249 3546 277 3594 r'n
287 3559 414 3594 numerum
425 3540 537 3599 brachia,
543 3537 647 3590 Lucret.
730 3532 789 3586 338.
801 3535 881 3587 Omne
886 3537 992 3602 papilla
1001 3538 1095 3590 Pectus
1102 3540 1211 3593 habeat:

131 3619 177 3673 tib.
187 3620 240 3688 lv,
254 3619 316 3689 7733
327 3621 451 3672 etmollia
457 3619 583 3668 mobiliter
590 3618 649 3667 bra·
696 3614 787 3663 vilium
791 3611 884 3678 fasceis
893 3613 965 3664 nulla
976 3619 1052 3680 tegat.
1064 3617 1156 3668 Pectus
1167 3619 1213 3668 da·

130 3702 194 3754 chia
206 3704 321 3759 mettere,
341 3695 385 3750 lib.
398 3695 460 3760 IV,
485 3692 649 3767 791.Gestus
697 3692 759 3743 bert
775 3693 891 3753 tumaide.
918 3691 1009 3761 priscae
1033 3692 1162 3749 editiones
1184 3707 1213 3750 et

133 3777 210 3831 euim
231 3791 364 3828 mannum
384 3783 412 3826 et
434 3769 603 3825 brachiorum
619 3769 649 3820 in
698 3769 889 3837 Sarraviauus,
902 3791 964 3826 curu
975 3783 1089 3841 quatuor
1100 3773 1155 3828 aliis
1164 3793 1213 3829 co-

131 3856 273 3912 saltatione
285 3852 433 3924 puellarum
446 3851 504 3921 plus
515 3869 649 3905 commen·
697 3849 799 3905 dicibus
812 3866 818 3899 τ
832 3851 904 3920 quod
916 3871 970 3922 μη·
983 3853 1087 3921 vulgata
1097 3852 1211 3910 lectione

132 3932 265 4001 dabatur,
281 3949 362 4000 quam
374 3928 474 4000 pedum
485 3938 583 3982 motus.
697 3924 782 3995 placet
792 3948 799 3990 ;
812 3927 904 3979 malim
922 3927 1002 3981 etiam
1014 3965 1022 3993 ,
1033 3927 1126 3994 soscr'a
1139 3934 1213 3982 nulla

165 4015 226 4068 335.
237 4013 358 4065 Barbara
365 4027 479 4064 remoue
488 4015 534 4060 est.
545 4008 649 4059 Semo-
695 4008 766 4072 lim,
774 4012 936 4074 quamn-gat.
943 4005 987 4060 sic
994 4006 1074 4060 lllart.
1081 4021 1140 4075 atr,
1152 4009 1212 4076 134:

131 4115 190 4150 n„
198 4091 385 4154 „tpapayin'3
397 4099 428 4143 ut
438 4088 473 4142 git
484 4087 633 4158 ⁸1⁸0(ngth
639 4127 648 4154 7
697 4089 767 4128 ruta
777 4097 884 4130 ereseemes
892 4089 976 4129 deniae
984 4101 1084 4142 eorupesee
1095 4093 1186 4144 pupilles.

131 4174 211 4242 cujus
221 4181 295 4225 nota
311 4168 402 4222 multe
418 4174 564 4221 occurrunt
579 4161 650 4232 apud
732 4162 823 4231 343-4.
844 4163 973 4232 Tegantur
983 4165 1085 4218 Omnia.
1097 4163 1130 4218 lu
1141 4183 1211 4219 non-

132 4253 274 4307 Nostrum.
282 4247 479 4304 flurs-Fac
485 4251 565 4298 tecm
571 4243 651 4296 multa
698 4241 777 4298 nullis
788 4245 909 4310 crriru’ara,
925 4259 982 4296 non
991 4248 1086 4298 omnen.
1100 4243 1194 4298 Naue.
