3009 5000
300 492 466 561 ARTIS
490 488 783 565 AMATORIAE
811 498 909 566 LIB.
935 489 988 567 11.
1120 501 1186 569 313

155 638 291 711 Sumere
305 635 462 736 :judiciis
479 637 543 713 ista
557 666 683 713 venena
698 640 792 714 meis.

110 762 178 834 Aut
193 760 291 861 piper
306 760 421 835 urticae
434 762 600 837 mordacis
616 762 740 838 semine
757 763 920 853 miscent,

155 884 316 985 Tritaque
333 884 370 958 in
386 912 517 960 annoso
533 885 616 961 llava
631 887 791 989 pyrethra
805 915 912 961 mero.

111 998 176 1073 Sed
193 999 265 1074 Dea
281 1028 352 1073 non
365 1001 494 1101 patitur
510 1002 557 1075 sic
574 1000 692 1077 adsue
711 1002 831 1099 gaudia
847 1004 942 1100 cogi,

160 1113 255 1190 Colle
273 1116 338 1190 sub
354 1117 515 1192 umbroso
532 1146 632 1220 quarn
650 1136 742 1193 tenet
758 1117 846 1193 altus
863 1120 963 1220 Eryx.
1140 1142 1190 1209 φο

116 1230 298 1322 Candidus,
313 1231 473 1308 Alcathoi
489 1234 548 1334 qui
563 1234 712 1308 mittitur
727 1234 814 1309 urbe
832 1233 991 1330 Pelasga,
1077 1271 1081 1277 ·

160 1347 310 1437 Bulbus,
325 1367 372 1438 et,
387 1376 427 1423 ex
441 1349 545 1423 horto
561 1377 635 1451 qnae
652 1351 759 1440 venit,
772 1350 879 1425 herba
896 1351 1007 1426 salax:
1039 1354 1044 1365 '

116 1464 252 1564 Ovaque
268 1482 458 1553 sumantur,
474 1482 649 1539 sumantur
665 1466 838 1567 Hymettia
852 1464 971 1554 mella,

161 1582 322 1683 Quasque
341 1580 420 1655 tulit
436 1581 521 1656 solio
538 1583 641 1684 pinus
656 1601 753 1658 acuta
767 1611 882 1658 nuces.

116 1718 256 1815 Ducit,
273 1726 356 1829 qnid
372 1726 414 1802 ad
429 1724 593 1815 medicas,
609 1728 731 1815 Erato,
747 1726 927 1803 deverteris
943 1730 1058 1803 artes?
1141 1750 1192 1819 φῖ.

159 1842 307 1918 Interior
322 1872 422 1918 curru
439 1862 526 1919 meta
544 1842 681 1919 terenda
698 1871 774 1917 meo
788 1860 849 1917 est.

117 1960 184 2057 Qui
200 1960 304 2035 modo
321 1960 450 2036 celabas
468 1960 600 2035 monitu
619 1977 674 2035 tua
689 1960 827 2035 crimina
843 1979 986 2049 nostro,

161 2074 274 2151 Flecte
290 2076 373 2166 itcr;
391 2094 425 2151 et
441 2078 574 2150 monitu
591 2075 707 2173 detege
723 2076 814 2151 lirrta
829 2106 915 2151 meo.

116 2195 183 2267 Nec
199 2191 316 2269 levitas
333 2193 496 2296 culpanda
513 2224 585 2269 mea
603 2211 675 2269 est:
693 2223 765 2267 non
782 2222 913 2295 semper
930 2192 1047 2269 eodem

119 2373 247 2444 alendum,
255 2394 323 2430 num
331 2375 454 2447 magisde
462 2376 559 2453 Satyrii
569 2376 629 2431 her·
712 2380 770 2443 4²²·
778 2378 822 2439 El,
834 2396 867 2429 ex
878 2378 951 2430 horto
961 2395 1016 2446 qu
1026 2380 1105 2439 venit,
1117 2377 1196 2431 terta

117 2452 147 2508 ba
159 2454 202 2510 hic
211 2454 284 2512 locus
296 2454 461 2526 accipiendus
472 2454 521 2510 sit:
532 2454 629 2526 legen·
678 2456 764 2508 salax.
777 2452 895 2508 Erucam
906 2452 1017 2526 intelligi
1033 2463 1115 2527 puto:
1130 2472 1195 2507 nam

116 2532 232 2604 dumque
243 2536 382 2606 Solymum
395 2533 529 2604 primitivo
538 2535 630 2606 Satyro
679 2531 1116 2599 etinlralib.11,deRemed.Am.
1129 2553 1194 2605 799,

118 2608 233 2666 deducto
254 2612 364 2664 nomine
381 2629 388 2664 ε
403 2622 434 2664 ut
453 2609 630 2682 intelligamus
679 2609 1196 2665 salacemeamdemnominatlsocrersu:

118 2687 228 2755 herbas,
245 2691 299 2744 sive
315 2689 520 2760 compositiones
532 2709 563 2743 ex
575 2691 631 2742 Sa·
679 2693 722 2734 Nes
730 2693 952 2745 mitram-run
961 2694 1195 2745 essvtmmtam,erc.
1247 2712 1251 2720 ·

119 2769 179 2839 tyrii
186 2766 322 2822 additione
335 2787 365 2822 ac
377 2777 557 2838 temperatura
571 2768 631 2822 sac-
714 2769 1197 2838 425.Doclaqsrtiadaapr'cas,Enlo.

118 2856 171 2915 tas,
182 2865 248 2918 quas
260 2845 339 2918 vulgo
351 2845 378 2900 in
389 2845 501 2900 officinis
513 2865 543 2898 ac
551 2843 632 2916 phar·
681 2851 831 2900 conrertcns
842 2848 936 2914 ortes?
952 2849 1093 2901 Dicemus
1109 2846 1198 2916 scripti

119 2921 632 3000 mscopotiistraaemp'osvocaresotene
682 2923 802 2994 plerique
813 2943 819 2976 :
830 2922 881 2976 nisi
893 2922 966 2992 quod
978 2924 1078 2994 Regius
1087 2961 1095 2990 ‚
1105 2928 1198 2978 decer-

149 3001 557 3076 417.Ur!1’coe.Conjeeeratolinr
569 3005 633 3058 Eru-
682 3006 759 3054 reru:
769 3000 905 3071 quomodo
916 3020 1023 3072 semper
1033 3003 1062 3056 in
1074 3004 1197 3058 vetustio-

120 3084 350 3148 caeHeinsiusmed
362 3083 634 3156 posteamutavitsen·
683 3079 755 3134 ribus
774 3081 846 3134 libris
867 3081 945 3134 scribi
963 3081 1018 3149 iarn
1029 3081 1199 3136 observatum

121 3155 241 3220 tentiam.
260 3161 364 3218 Contra
375 3165 430 3217 vim
441 3163 544 3234 frigoris
553 3163 634 3216 etiam
684 3170 732 3226 est,
740 3157 774 3214 ad
782 3159 824 3214 lib.
832 3161 872 3228 11,
883 3160 976 3214 Amor.
988 3161 1030 3216 El.
1040 3161 1199 3232 v1,9.Unus

121 3263 213 3299 semen
233 3245 323 3298 urtice
334 3240 506 3298 commendat
517 3241 635 3296 Serenus
684 3257 778 3305 meus,
795 3243 922 3292 reverten's
939 3258 948 3292 .·
964 3239 1083 3310 proxime
1096 3258 1200 3301 rerum.

122 3323 263 3377 Sammon.
277 3319 367 3376 Carm-
381 3339 406 3375 x.
421 3320 521 3375 Burrus.
685 3315 795 3372 Sedcur
801 3317 1200 3389 mspr'carattesssaegeomuino

154 3404 213 3468 4²¹·
224 3401 353 3454 Alcathoi
361 3403 427 3453 urbe.
440 3398 580 3469 Megaram
592 3415 636 3450 ur·
684 3397 797 3450 mede'cas
812 3403 894 3458 artes,
910 3414 973 3448 cum
986 3395 1087 3448 Mureti
1102 3394 1201 3489 c'pdice.

121 3479 184 3536 bem
197 3481 224 3534 in
229 3479 320 3550 telligit
327 3518 335 3546 ,
348 3479 438 3548 cujus,
448 3487 554 3532 auctore
564 3477 636 3531 Pau·
687 3477 857 3536 emerunt,
871 3475 994 3529 Francol.
1002 3483 1068 3527 utet
1078 3472 1201 3543 quodam

122 3561 213 3626 sauia,
226 3559 306 3613 Auia.
316 3574 362 3612 ιιι
370 3597 377 3624 ,
386 3556 529 3628 imperinm
541 3553 637 3610 dicitur
685 3550 823 3608 editiones.
833 3553 936 3606 Heres.

123 3639 239 3694 tenuisse
253 3636 413 3704 Alcathoiis,
428 3633 532 3705 Pelopis
551 3633 636 3701 tilius,
718 3631 777 3698 426.
794 3633 902 3684 Interior
922 3651 995 3685 curru
1012 3639 1080 3686 uela
1097 3632 1208 3684 terenda·

123 3729 182 3790 post
194 3718 354 3788 lllegareunr
364 3755 372 3784 ,
383 3715 459 3784 cujus
469 3713 551 3766 filiam
567 3730 638 3766 uxo-
686 3715 793 3762 mcoest.
808 3710 895 3761 Tenda
905 3708 1018 3778 Regium
1034 3706 1104 3761 unde
1112 3707 1202 3776 scripti

124 3818 182 3852 rem
193 3797 311 3850 duxerat
323 3795 463 3864 Megaram
473 3802 563 3845 autern
572 3809 639 3846 con·
687 3785 836 3856 complures
848 3788 964 3849 leucada,
978 3804 1041 3839 cum
1051 3785 1136 3855 prima
1147 3785 1204 3840 edi-

125 3875 237 3940 didisse,
249 3873 320 3928 socio
331 3873 418 3942 operis
430 3870 572 3941 Apolline,
585 3879 639 3922 tes·
688 3865 761 3918 tione
775 3875 935 3934 :utrumque
943 3865 1058 3934 probum
1067 3875 1115 3918 est.
1132 3864 1170 3918 H.

125 3965 197 4010 tatur
217 3951 367 4022 Theognis,
385 3959 507 4028 nepot-sas.
519 3952 580 4020 751,
594 3943 639 4018 qui
723 3947 782 4018 dap
792 3947 846 3998 Nec
854 3948 945 3996 levitas
954 3946 1083 4012 colpam
1091 3951 1203 3998 meaesl.

125 4034 219 4102 etipse
233 4029 416 4101 Megarensis:
691 4021 776 4093 Quod
798 4025 935 4092 delmenia
958 4041 1033 4076 nunc
1053 4021 1203 4092 praecipiam

126 4119 189 4166 §olda
203 4113 261 4178 ἅναξ
270 4149 279 4178 ,
292 4113 359 4169 siris
374 4114 416 4176 pir
433 4109 562 4183 ierippusoee
578 4109 641 4161 :atro
681 4099 773 4170 suda,
789 4121 847 4172 qut
857 4099 938 4154 modo
945 4103 1203 4156 celandasuaseraru.

229 4191 299 4262 tapso
691 4179 755 4233 Una
762 4179 859 4249 quippe
866 4177 1114 4248 meus,eademque
1122 4178 1202 4232 milri:

160 4270 272 4337 Ahalam
281 4268 377 4324 llilasse
388 4269 460 4318 eard!
469 4267 625 4338 χαριζὲμινος.
691 4275 812 4314 amorem
823 4258 901 4315 scilic·
913 4258 989 4314 omui
1004 4270 1060 4314 arte
1072 4256 1203 4312 adserere.
