3009 5000
267 487 328 532 roo
548 466 587 532 Ρ.
617 465 798 536 OVIDII
822 464 1051 540 NASONIS

265 601 453 699 «Colligor
472 631 510 677 ex
529 603 605 706 ipso
624 605 768 680 domina
783 607 948 710 placuisse
966 610 1130 712 sepulcro.

313 722 384 795 Ora
399 719 490 794 fuere
507 720 589 794 mihi
606 720 685 822 plus
702 751 761 797 ave
778 723 877 799 docta
893 724 1000 827 loqui.
1022 761 1041 794 »

252 921 254 927 '
294 915 336 968 ta.
351 917 504 984 Colligeret
514 920 571 983 ipso
582 925 631 968 etc.
641 915 671 968 ld
684 926 732 984 est,
744 936 777 970 ex
824 931 916 974 terant
928 920 1044 977 hominis
1055 923 1158 994 potius,
1176 941 1258 993 quam
1277 926 1338 982 avis.

261 993 313 1048 hoc
329 993 402 1064 ipso,
422 1012 501 1064 quem
513 993 578 1047 mihi
589 994 685 1048 dicavit
698 1035 705 1062 ,
725 1005 775 1048 tu·
826 999 996 1052 Postremum
1008 1000 1058 1054 hoe
1070 999 1199 1056 distichon
1209 1003 1241 1055 ab
1253 1003 1339 1058 aliena

261 1071 336 1126 mulo
355 1075 479 1140 collum,
499 1072 622 1142 conjicias
643 1083 776 1141 quantum
824 1095 908 1130 manu
918 1077 1030 1132 Heinsio
1040 1078 1178 1134 videbatur
1188 1081 1338 1144 intrusum

261 1149 376 1204 dominer
388 1150 538 1220 placuerim.
551 1177 584 1190 -
597 1152 716 1218 Omplus
727 1171 776 1204 ave
825 1165 852 1207 et
862 1154 942 1208 habet
952 1156 1075 1225 quidem,
1084 1157 1155 1212 unde
1168 1159 1257 1213 firmet
1268 1159 1340 1215 doe-

260 1233 338 1284 docta
348 1234 418 1301 loqui
424 1251 432 1284 .·
445 1251 505 1302 qun
513 1249 592 1285 sonos
609 1231 690 1285 edere
702 1231 775 1284 didi·
825 1232 917 1286 tissimi
928 1234 977 1287 viri
987 1236 1178 1305 conjecturam.

606 1579 856 1666 ELEGIA
883 1581 996 1667 VII.

733 1747 878 1768 ——Au

264 1927 302 1966 AB
314 1927 481 1966 0011111111Μὶ
494 1925 587 1966 urolt·
600 1927 695 1968 111ῑὰ11
709 1931 764 1970 sntt
777 1930 840 1969 GU!
854 1931 965 1974 CYPASSI
978 1933 1076 1973 wtsstt
1088 1933 1342 1973 consonuerunt.

263 2077 398 2181 ERGO
414 2134 476 2200 ego
495 2103 657 2180 sufficiam
674 2135 750 2180 reus
767 2109 804 2180 in
821 2136 908 2183 nova
925 2109 1064 2185 erimina
1079 2112 1236 2213 semper?

309 2225 358 2296 Ut
374 2221 519 2310 vincam,
537 2221 638 2297 toties
654 2222 844 2299 dimicuisse
861 2226 963 2326 piget.

262 2337 339 2412 Sive
353 2365 417 2432 ego
434 2339 610 2412 marmorei
627 2339 759 2439 respexi
775 2367 902 2413 summa
920 2339 1061 2429 theatri;

311 2452 419 2549 Eligis
434 2482 451 2527 e
469 2450 599 2543 multis
618 2453 708 2529 unde
727 2453 840 2529 dolere
857 2451 947 2528 velis.

266 2569 415 2645 Candida
433 2598 491 2643 seu
510 2571 611 2643 tacito
629 2600 681 2644 me
698 2570 784 2644 vidit
799 2569 923 2645 femina
937 2569 1053 2659 vultu;

312 2690 354 2761 ln
371 2684 465 2759 vultu
485 2687 603 2761 tacitas¹
619 2688 731 2784 arguis
750 2716 820 2761 esse
838 2705 946 2760 notas.

175 2843 180 2851 ·
262 2805 300 2877 Si
317 2832 417 2904 quam
431 2801 582 2891 laudavi,
604 2804 744 2877 miseros
761 2804 849 2905 petis
865 2830 978 2898 ungue
995 2802 1158 2904 capillos:

292 3016 313 3047 1.
322 2996 496 3063 Erffoqoetc.
505 2992 651 3046 Exordium
658 2998 773 3057 atriolo,
824 2992 929 3062 eulpam
938 2992 966 3044 in
975 2991 1039 3045 alios
1050 3002 1137 3046 tentet
1146 2990 1328 3046 transmittere
1338 3016 1346 3057 ;

262 3084 292 3127 ut
303 3092 379 3128 reum
392 3072 522 3139 decebat,
546 3072 591 3141 qui
601 3072 775 3125 innocentem
823 3071 912 3138 sicque
931 3069 1049 3123 'Ovidius
1076 3070 1212 3142 zelotypiae
1234 3070 1344 3123 Corin-

263 3152 353 3205 liaberi
364 3170 392 3203 se
403 3149 714 3220 cupiebat-Sufficiam.
728 3150 776 3202 So-
825 3166 889 3201 narn
901 3148 1005 3218 arguit,
1027 3148 1102 3212 cuius
1120 3148 1235 3217 amplam
1251 3159 1343 3214 certe,

262 3230 339 3283 lusne
363 3246 413 3297 ego
438 3246 536 3280 novam
555 3246 660 3297 semper
686 3229 776 3281 amieo
825 3225 1025 3279 deshonestare
1037 3226 1222 3291 numanam
1231 3225 1344 3295 illisup-

264 3307 416 3361 criminanti
426 3308 566 3359 materiem
579 3308 719 3376 prrebebo,
733 3328 778 3360 re·
825 3313 935 3373 peteret
945 3302 1084 3355 -Snmm
1093 3306 1194 3356 theatro
1206 3303 1343 3356 Hieenim

265 3385 433 3439 nascentibus
440 3384 599 3454 poenisrnale
607 3384 776 3439 secundam?
825 3379 953 3435 sedebant
966 3381 1112 3447 mulieres,
1135 3380 1251 3435 scenicos
1263 3380 1342 3435 ludos

265 3463 304 3514 Ea
315 3462 387 3516 enim
399 3462 455 3526 vis,
469 3480 501 3515 eo
512 3480 607 3527 sensu,
618 3462 690 3513 verbi
702 3461 777 3530 suffi-
825 3470 987 3529 spectatum

264 3540 463 3604 cemservius,
476 3537 508 3591 ad
522 3538 618 3608 Georg.
632 3539 730 3603 lib‚111‚
745 3541 775 3604 4,
860 3540 882 3589 5.
906 3539 997 3589 Tacito
1015 3556 1055 3588 me
1069 3534 1244 3604 viditsmtea
1259 3540 1342 3589 vultu.

264 3613 413 3690 Eurysthea
420 3620 509 3669 durum
516 3615 662 3684 adpellavit,
672 3617 716 3683 qui
725 3634 775 3685 po·
825 3615 977 3670 Reseranda
990 3615 1046 3667 ltaee
1056 3620 1137 3668 tact'lo
1144 3612 1343 3673 111111,Λονί-

263 3697 313 3748 tuit
322 3694 354 3748 ad
360 3692 549 3764 complendum
555 3712 676 3746 noverca²
683 3693 775 3745 odium
825 3694 907 3748 dium.
921 3695 950 3747 Si
963 3695 1040 3759 sorte,
1054 3694 1150 3761 inquit,
1162 3696 1275 3745 caudave
1284 3710 1341 3759 me,

263 3774 388 3843 sufficere.
518 3798 526 3833 t
823 3776 939 3826 formosa
951 3772 1047 3823 mulier
1059 3772 1187 3840 respexit,
1201 3768 1285 3839 (quod
1293 3770 1342 3823 in·

298 3872 321 3903 a.
341 3854 379 3903 [st
389 3856 490 3905 vincam
508 3862 557 3905 ete..
581 3849 776 3918 Interpretatur
824 3852 879 3903 vito
892 3860 978 3919 potest
989 3848 1095 3901 evenire
1104 3851 1115 3913 )
1125 3847 1172 3901 etsi
1181 3847 1271 3901 taceat
1280 3848 1346 3901 vut-

263 3930 404 4002 Micyllus,
418 3942 445 3983 et
456 3940 526 3983 recte
535 3929 643 3999 quidem
656 3929 775 3981 :etiamsi
825 3938 876 3994 tus,
888 3930 914 3979 in
926 3928 975 3979 boe
982 3928 1037 3995 ipso
1049 3926 1154 3980 silentio
1165 3933 1251 3989 notas,
1264 3928 1344 3997 signa

263 4013 364 4061 vt'ncam
393 4018 420 4060 et
440 4009 595 4074 obtineam,
617 4018 706 4060 tamen
730 4026 774 4058 me
823 4005 1343 4075 deprehendis,quoemutuumamorern

264 4084 431 4155 pudettoties
437 4085 597 4137 contendere
605 4104 633 4138 ac
641 4084 774 4138 dimicare.
824 4104 885 4138 cum
900 4085 948 4137 hac
959 4085 1059 4137 semina
1071 4094 1191 4154 arguunt.

296 4164 318 4215 3.
332 4164 389 4217 dl'ee
399 4181 445 4229 epo
460 4170 650 4216 mannorer'etr.
662 4164 723 4216 Mos
734 4173 774 4216 est
857 4184 880 4233 7.
892 4165 923 4215 Si
931 4167 1125 4230 quamlaudaei.
1140 4162 1268 4216 Francius
1279 4181 1341 4217 nu·

262 4250 310 4306 ut,
322 4241 367 4310 qui
378 4240 459 4309 culpa
471 4241 520 4294 sibi
532 4241 580 4310 ipsi
590 4242 708 4297 conscius
720 4251 772 4307 est,
823 4242 951 4297 morosius
962 4242 1086 4309 putebat,
1100 4242 1130 4293 Si
1136 4260 1212 4309 qum
1222 4261 1271 4309 ep
1280 4245 1342 4295 1st
