<?xml version="1.0" encoding="UTF-8"?>
<!DOCTYPE html PUBLIC "-//W3C//DTD XHTML 1.0 Transitional//EN"
    "http://www.w3.org/TR/xhtml1/DTD/xhtml1-transitional.dtd">
<html xmlns="http://www.w3.org/1999/xhtml" xml:lang="en" lang="en">
 <head>
  <title>
</title>
<meta http-equiv="Content-Type" content="text/html;charset=utf-8" />
  <meta name='ocr-system' content='tesseract 3.04.00' />
  <meta name='ocr-capabilities' content='ocr_page ocr_carea ocr_par ocr_line ocrx_word'/>
</head>
<body>
  <div class='ocr_page' id='page_1' title='image "./publiiovidiinas03unkngoog/publiiovidiinas03unkngoog_0419.png"; bbox 0 0 3009 5000; ppageno 0'>
   <div class='ocr_carea' id='block_1_1' title="bbox 232 452 1217 817">
    <p class='ocr_par' dir='ltr' id='par_1_1' title="bbox 232 452 1217 817">
     <span class='ocr_line' id='line_1_1' title="bbox 289 452 1083 538; baseline 0.015 -19"><span class='ocrx_word' id='word_1_1' title='bbox 289 452 358 538; x_wconf 73' lang='lat'>405</span> <span class='ocrx_word' id='word_1_2' title='bbox 572 458 1083 531; x_wconf 76' lang='lat' dir='ltr'>novrnrrnnsorus</span> 
     </span>
     <span class='ocr_line' id='line_1_2' title="bbox 232 558 963 700; baseline 0.011 -32"><span class='ocrx_word' id='word_1_3' title='bbox 232 558 244 576; x_wconf 41' lang='grc' dir='ltr'><em>Ι</em></span> <span class='ocrx_word' id='word_1_4' title='bbox 337 598 415 697; x_wconf 82' lang='lat' dir='ltr'>lpse</span> <span class='ocrx_word' id='word_1_5' title='bbox 433 595 498 671; x_wconf 86' lang='lat' dir='ltr'>tibi</span> <span class='ocrx_word' id='word_1_6' title='bbox 514 594 631 672; x_wconf 87' lang='lat' dir='ltr'>surtim</span> <span class='ocrx_word' id='word_1_7' title='bbox 646 597 866 700; x_wconf 88' lang='lat' dir='ltr'>decipiendus</span> <span class='ocrx_word' id='word_1_8' title='bbox 883 600 963 676; x_wconf 64' lang='lat' dir='ltr'>eris..</span> 
     </span>
     <span class='ocr_line' id='line_1_3' title="bbox 286 716 1217 817; baseline 0.006 -28"><span class='ocrx_word' id='word_1_9' title='bbox 286 717 342 790; x_wconf 87' lang='lat' dir='ltr'>Tu</span> <span class='ocrx_word' id='word_1_10' title='bbox 359 732 509 805; x_wconf 90' lang='lat' dir='ltr'>tautum,</span> <span class='ocrx_word' id='word_1_11' title='bbox 531 716 563 805; x_wconf 91' lang='lat' dir='ltr'>i,</span> <span class='ocrx_word' id='word_1_12' title='bbox 580 717 731 817; x_wconf 70' lang='lat' dir='ltr'>quanmm</span> <span class='ocrx_word' id='word_1_13' title='bbox 746 716 853 793; x_wconf 87' lang='lat' dir='ltr'>firmis</span> <span class='ocrx_word' id='word_1_14' title='bbox 870 718 1059 794; x_wconf 81' lang='lat' dir='ltr'>retinebere</span> <span class='ocrx_word' id='word_1_15' title='bbox 1076 718 1217 811; x_wconf 81' lang='lat' dir='ltr'>vinclis,</span> 
     </span>
    </p>
   </div>
   <div class='ocr_carea' id='block_1_2' title="bbox 287 832 1089 1038">
    <p class='ocr_par' dir='ltr' id='par_1_2' title="bbox 287 832 1089 1038">
     <span class='ocr_line' id='line_1_4' title="bbox 337 832 1066 937; baseline 0.005 -32"><span class='ocrx_word' id='word_1_16' title='bbox 337 835 353 905; x_wconf 95' lang='lat' dir='ltr'>l</span> <span class='ocrx_word' id='word_1_17' title='bbox 370 832 509 933; x_wconf 91' lang='lat' dir='ltr'>procul;</span> <span class='ocrx_word' id='word_1_18' title='bbox 524 852 559 908; x_wconf 91' lang='lat' dir='ltr'>et</span> <span class='ocrx_word' id='word_1_19' title='bbox 575 832 698 930; x_wconf 78' lang='lat' dir='ltr'>longas</span> <span class='ocrx_word' id='word_1_20' title='bbox 714 863 849 936; x_wconf 78' lang='lat' dir='ltr'>carpere</span> <span class='ocrx_word' id='word_1_21' title='bbox 866 862 970 937; x_wconf 82' lang='lat' dir='ltr'>perge</span> <span class='ocrx_word' id='word_1_22' title='bbox 986 836 1066 910; x_wconf 83' lang='lat' dir='ltr'>rias.</span> 
     </span>
     <span class='ocr_line' id='line_1_5' title="bbox 287 946 1089 1038; baseline 0.006 -17"><span class='ocrx_word' id='word_1_23' title='bbox 287 946 420 1038; x_wconf 85' lang='lat' dir='ltr'>Flebis,</span> <span class='ocrx_word' id='word_1_24' title='bbox 438 968 478 1023; x_wconf 80' lang='lat' dir='ltr'>ut</span> <span class='ocrx_word' id='word_1_25' title='bbox 494 969 647 1025; x_wconf 80' lang='lat' dir='ltr'>occurret</span> <span class='ocrx_word' id='word_1_26' title='bbox 663 950 802 1025; x_wconf 80' lang='lat' dir='ltr'>desertae</span> <span class='ocrx_word' id='word_1_27' title='bbox 816 980 941 1026; x_wconf 86' lang='lat' dir='ltr'>nomen</span> <span class='ocrx_word' id='word_1_28' title='bbox 958 952 1089 1027; x_wconf 70' lang='lat' dir='ltr'>amice:</span> 
     </span>
    </p>
   </div>
   <div class='ocr_carea' id='block_1_3' title="bbox 288 1066 1372 2099">
    <p class='ocr_par' dir='ltr' id='par_1_3' title="bbox 288 1066 1372 2099">
     <span class='ocr_line' id='line_1_6' title="bbox 338 1066 1035 1171; baseline 0.006 -33"><span class='ocrx_word' id='word_1_29' title='bbox 338 1066 451 1139; x_wconf 79' lang='lat' dir='ltr'>Stabit</span> <span class='ocrx_word' id='word_1_30' title='bbox 467 1086 500 1141; x_wconf 89' lang='lat' dir='ltr'>et</span> <span class='ocrx_word' id='word_1_31' title='bbox 518 1067 555 1141; x_wconf 89' lang='lat' dir='ltr'>in</span> <span class='ocrx_word' id='word_1_32' title='bbox 569 1068 680 1143; x_wconf 88' lang='lat' dir='ltr'>media</span> <span class='ocrx_word' id='word_1_33' title='bbox 698 1098 760 1170; x_wconf 83' lang='lat' dir='ltr'>pes</span> <span class='ocrx_word' id='word_1_34' title='bbox 776 1068 841 1143; x_wconf 88' lang='lat' dir='ltr'>tibi</span> <span class='ocrx_word' id='word_1_35' title='bbox 857 1097 944 1171; x_wconf 84' lang='lat' dir='ltr'>saepe</span> <span class='ocrx_word' id='word_1_36' title='bbox 960 1068 1035 1157; x_wconf 80' lang='lat' dir='ltr'>ria3</span> 
     </span>
     <span class='ocr_line' id='line_1_7' title="bbox 288 1180 1226 1283; baseline 0.006 -30"><span class='ocrx_word' id='word_1_37' title='bbox 288 1180 356 1255; x_wconf 83' lang='lat' dir='ltr'>Sed</span> <span class='ocrx_word' id='word_1_38' title='bbox 373 1202 500 1283; x_wconf 90' lang='lat' dir='ltr'>quanto</span> <span class='ocrx_word' id='word_1_39' title='bbox 517 1184 630 1259; x_wconf 91' lang='lat' dir='ltr'>minus</span> <span class='ocrx_word' id='word_1_40' title='bbox 646 1186 694 1259; x_wconf 86' lang='lat' dir='ltr'>ire</span> <span class='ocrx_word' id='word_1_41' title='bbox 714 1185 829 1274; x_wconf 84' lang='lat' dir='ltr'>voles,</span> <span class='ocrx_word' id='word_1_42' title='bbox 846 1185 953 1281; x_wconf 81' lang='lat' dir='ltr'>magis</span> <span class='ocrx_word' id='word_1_43' title='bbox 969 1185 1018 1260; x_wconf 92' lang='lat' dir='ltr'>ire</span> <span class='ocrx_word' id='word_1_44' title='bbox 1035 1202 1226 1260; x_wconf 89' lang='lat' dir='ltr'>memento:</span> 
     </span>
     <span class='ocr_line' id='line_1_8' title="bbox 340 1298 1048 1402; baseline 0.003 -31"><span class='ocrx_word' id='word_1_45' title='bbox 340 1298 471 1388; x_wconf 78' lang='lat' dir='ltr'>Perfer,</span> <span class='ocrx_word' id='word_1_46' title='bbox 488 1319 522 1375; x_wconf 92' lang='lat' dir='ltr'>et</span> <span class='ocrx_word' id='word_1_47' title='bbox 538 1301 663 1376; x_wconf 79' lang='lat' dir='ltr'>invitos</span> <span class='ocrx_word' id='word_1_48' title='bbox 683 1330 816 1377; x_wconf 85' lang='lat' dir='ltr'>currere</span> <span class='ocrx_word' id='word_1_49' title='bbox 834 1330 917 1397; x_wconf 82' lang='lat' dir='ltr'>coge</span> <span class='ocrx_word' id='word_1_50' title='bbox 934 1299 1048 1402; x_wconf 86' lang='lat' dir='ltr'>pedes.</span> 
     </span>
     <span class='ocr_line' id='line_1_9' title="bbox 292 1414 1141 1520; baseline 0.001 -32"><span class='ocrx_word' id='word_1_51' title='bbox 292 1414 362 1488; x_wconf 90' lang='lat' dir='ltr'>Nec</span> <span class='ocrx_word' id='word_1_52' title='bbox 378 1414 509 1516; x_wconf 86' lang='lat' dir='ltr'>pluvias</span> <span class='ocrx_word' id='word_1_53' title='bbox 525 1417 628 1505; x_wconf 80' lang='lat' dir='ltr'>vites3</span> <span class='ocrx_word' id='word_1_54' title='bbox 644 1447 706 1493; x_wconf 91' lang='lat' dir='ltr'>nec</span> <span class='ocrx_word' id='word_1_55' title='bbox 724 1434 757 1491; x_wconf 89' lang='lat' dir='ltr'>te</span> <span class='ocrx_word' id='word_1_56' title='bbox 774 1416 950 1520; x_wconf 81' lang='lat' dir='ltr'>peregrina</span> <span class='ocrx_word' id='word_1_57' title='bbox 965 1432 1141 1490; x_wconf 78' lang='lat' dir='ltr'>morentur</span> 
     </span>
     <span class='ocr_line' id='line_1_10' title="bbox 341 1532 1372 1622; baseline 0.001 -16"><span class='ocrx_word' id='word_1_58' title='bbox 341 1532 505 1622; x_wconf 88' lang='lat' dir='ltr'>Sabbata,</span> <span class='ocrx_word' id='word_1_59' title='bbox 523 1563 586 1610; x_wconf 88' lang='lat' dir='ltr'>nec</span> <span class='ocrx_word' id='word_1_60' title='bbox 602 1535 735 1610; x_wconf 86' lang='lat' dir='ltr'>damnis</span> <span class='ocrx_word' id='word_1_61' title='bbox 749 1534 842 1611; x_wconf 81' lang='lat' dir='ltr'>Allia</span> <span class='ocrx_word' id='word_1_62' title='bbox 858 1554 942 1609; x_wconf 90' lang='lat' dir='ltr'>nota</span> <span class='ocrx_word' id='word_1_63' title='bbox 958 1535 1041 1609; x_wconf 88' lang='lat' dir='ltr'>suis.</span> <span class='ocrx_word' id='word_1_64' title='bbox 1325 1574 1372 1611; x_wconf 75' lang='lat'>220</span> 
     </span>
     <span class='ocr_line' id='line_1_11' title="bbox 291 1651 1290 1755; baseline 0.002 -30"><span class='ocrx_word' id='word_1_65' title='bbox 291 1652 361 1725; x_wconf 88' lang='lat' dir='ltr'>Nec</span> <span class='ocrx_word' id='word_1_66' title='bbox 379 1670 463 1752; x_wconf 85' lang='lat' dir='ltr'>quot</span> <span class='ocrx_word' id='word_1_67' title='bbox 481 1654 671 1741; x_wconf 88' lang='lat' dir='ltr'>transieris,</span> <span class='ocrx_word' id='word_1_68' title='bbox 689 1654 749 1727; x_wconf 78' lang='lat' dir='ltr'>sed</span> <span class='ocrx_word' id='word_1_69' title='bbox 766 1672 852 1755; x_wconf 85' lang='lat' dir='ltr'>quot</span> <span class='ocrx_word' id='word_1_70' title='bbox 870 1654 954 1740; x_wconf 89' lang='lat' dir='ltr'>tibi,</span> <span class='ocrx_word' id='word_1_71' title='bbox 972 1668 1099 1754; x_wconf 81' lang='lat' dir='ltr'>quaere,</span> <span class='ocrx_word' id='word_1_72' title='bbox 1117 1651 1290 1753; x_wconf 82' lang='lat' dir='ltr'>supersint</span> 
     </span>
     <span class='ocr_line' id='line_1_12' title="bbox 340 1767 1177 1871; baseline 0 -30"><span class='ocrx_word' id='word_1_73' title='bbox 340 1767 452 1843; x_wconf 90' lang='lat' dir='ltr'>Millia</span> <span class='ocrx_word' id='word_1_74' title='bbox 469 1799 477 1841; x_wconf 93' lang='lat'>:</span> <span class='ocrx_word' id='word_1_75' title='bbox 494 1798 576 1857; x_wconf 87' lang='lat' dir='ltr'>nec,</span> <span class='ocrx_word' id='word_1_76' title='bbox 592 1798 728 1843; x_wconf 83' lang='lat' dir='ltr'>maneas</span> <span class='ocrx_word' id='word_1_77' title='bbox 744 1787 785 1843; x_wconf 91' lang='lat' dir='ltr'>ut</span> <span class='ocrx_word' id='word_1_78' title='bbox 803 1798 931 1871; x_wconf 86' lang='lat' dir='ltr'>prope,</span> <span class='ocrx_word' id='word_1_79' title='bbox 949 1768 1038 1865; x_wconf 77' lang='lat' dir='ltr'>finge</span> <span class='ocrx_word' id='word_1_80' title='bbox 1054 1796 1177 1842; x_wconf 86' lang='lat' dir='ltr'>moras.</span> 
     </span>
     <span class='ocr_line' id='line_1_13' title="bbox 290 1886 1251 1988; baseline 0 -29"><span class='ocrx_word' id='word_1_81' title='bbox 290 1886 459 1986; x_wconf 84' lang='lat' dir='ltr'>Tempora</span> <span class='ocrx_word' id='word_1_82' title='bbox 475 1912 537 1959; x_wconf 89' lang='lat' dir='ltr'>nec</span> <span class='ocrx_word' id='word_1_83' title='bbox 552 1914 707 1974; x_wconf 83' lang='lat' dir='ltr'>numera,</span> <span class='ocrx_word' id='word_1_84' title='bbox 723 1914 786 1961; x_wconf 89' lang='lat' dir='ltr'>nec</span> <span class='ocrx_word' id='word_1_85' title='bbox 803 1887 923 1961; x_wconf 86' lang='lat' dir='ltr'>crebro</span> <span class='ocrx_word' id='word_1_86' title='bbox 941 1886 1070 1988; x_wconf 84' lang='lat' dir='ltr'>respice</span> <span class='ocrx_word' id='word_1_87' title='bbox 1086 1888 1251 1973; x_wconf 81' lang='lat' dir='ltr'>Romam3</span> 
     </span>
     <span class='ocr_line' id='line_1_14' title="bbox 338 2000 1286 2099; baseline -0.001 -25"><span class='ocrx_word' id='word_1_88' title='bbox 338 2001 406 2075; x_wconf 90' lang='lat' dir='ltr'>Sed</span> <span class='ocrx_word' id='word_1_89' title='bbox 421 2000 522 2098; x_wconf 79' lang='lat' dir='ltr'>suge:</span> <span class='ocrx_word' id='word_1_90' title='bbox 541 2019 635 2078; x_wconf 88' lang='lat' dir='ltr'>tutus</span> <span class='ocrx_word' id='word_1_91' title='bbox 655 2004 765 2077; x_wconf 85' lang='lat' dir='ltr'>adbuc</span> <span class='ocrx_word' id='word_1_92' title='bbox 783 2004 930 2079; x_wconf 79' lang='lat' dir='ltr'>Parthus</span> <span class='ocrx_word' id='word_1_93' title='bbox 950 2004 992 2077; x_wconf 89' lang='lat' dir='ltr'>ab</span> <span class='ocrx_word' id='word_1_94' title='bbox 1010 2004 1110 2077; x_wconf 85' lang='lat' dir='ltr'>hoste</span> <span class='ocrx_word' id='word_1_95' title='bbox 1126 2003 1208 2099; x_wconf 75' lang='lat' dir='ltr'>luga</span> <span class='ocrx_word' id='word_1_96' title='bbox 1224 2017 1286 2075; x_wconf 85' lang='lat' dir='ltr'>est.</span> 
     </span>
    </p>
   </div>
   <div class='ocr_carea' id='block_1_4' title="bbox 290 2203 1378 4252">
    <p class='ocr_par' dir='ltr' id='par_1_4' title="bbox 290 2203 1378 4252">
     <span class='ocr_line' id='line_1_15' title="bbox 325 2203 1372 2275; baseline -0.001 -17"><span class='ocrx_word' id='word_1_97' title='bbox 325 2205 382 2258; x_wconf 77' lang='lat'>213.</span> <span class='ocrx_word' id='word_1_98' title='bbox 401 2207 763 2275; x_wconf 70' lang='lat' dir='ltr'>Puteolanupmorltfimt&#39;s</span> <span class='ocrx_word' id='word_1_99' title='bbox 774 2226 811 2259; x_wconf 81' lang='lat' dir='ltr'>re·</span> <span class='ocrx_word' id='word_1_100' title='bbox 859 2206 978 2272; x_wconf 76' lang='lat' dir='ltr'>coluisse,</span> <span class='ocrx_word' id='word_1_101' title='bbox 988 2204 1067 2261; x_wconf 77' lang='lat' dir='ltr'>docet</span> <span class='ocrx_word' id='word_1_102' title='bbox 1075 2206 1187 2271; x_wconf 76' lang='lat' dir='ltr'>Petitur,</span> <span class='ocrx_word' id='word_1_103' title='bbox 1196 2203 1224 2257; x_wconf 91' lang='lat' dir='ltr'>in</span> <span class='ocrx_word' id='word_1_104' title='bbox 1233 2203 1318 2273; x_wconf 69' lang='lat' dir='ltr'>begea</span> <span class='ocrx_word' id='word_1_105' title='bbox 1324 2203 1372 2257; x_wconf 82' lang='lat' dir='ltr'>At-</span> 
     </span>
     <span class='ocr_line' id='line_1_16' title="bbox 293 2282 1276 2354; baseline -0.002 -18"><span class='ocrx_word' id='word_1_106' title='bbox 293 2288 403 2337; x_wconf 79' lang='lat' dir='ltr'>tinebere</span> <span class='ocrx_word' id='word_1_107' title='bbox 411 2290 518 2349; x_wconf 72' lang='lat' dir='ltr'>oirclri,</span> <span class='ocrx_word' id='word_1_108' title='bbox 533 2288 550 2338; x_wconf 95' lang='lat'><em>1</em></span> <span class='ocrx_word' id='word_1_109' title='bbox 552 2290 645 2354; x_wconf 78' lang='lat' dir='ltr'>procul</span> <span class='ocrx_word' id='word_1_110' title='bbox 648 2296 699 2339; x_wconf 84' lang='lat' dir='ltr'>ete.</span> <span class='ocrx_word' id='word_1_111' title='bbox 708 2287 749 2339; x_wconf 87' lang='lat' dir='ltr'>lta</span> <span class='ocrx_word' id='word_1_112' title='bbox 760 2288 810 2341; x_wconf 87' lang='lat' dir='ltr'>Re·</span> <span class='ocrx_word' id='word_1_113' title='bbox 859 2282 938 2350; x_wconf 84' lang='lat' dir='ltr'>ticas,</span> <span class='ocrx_word' id='word_1_114' title='bbox 951 2284 1044 2338; x_wconf 88' lang='lat' dir='ltr'>Titulo</span> <span class='ocrx_word' id='word_1_115' title='bbox 1055 2299 1084 2351; x_wconf 86' lang='lat'>1,</span> <span class='ocrx_word' id='word_1_116' title='bbox 1102 2304 1128 2353; x_wconf 91' lang='lat' dir='ltr'>p.</span> <span class='ocrx_word' id='word_1_117' title='bbox 1141 2284 1165 2349; x_wconf 70' lang='lat'>4.</span> <span class='ocrx_word' id='word_1_118' title='bbox 1176 2282 1276 2336; x_wconf 67' lang='grc' dir='ltr'>ΒΜ.</span> 
     </span>
     <span class='ocr_line' id='line_1_17' title="bbox 293 2362 1374 2433; baseline -0.006 -18"><span class='ocrx_word' id='word_1_119' title='bbox 293 2362 351 2433; x_wconf 71' lang='lat' dir='ltr'>gius</span> <span class='ocrx_word' id='word_1_120' title='bbox 362 2382 425 2417; x_wconf 86' lang='lat' dir='ltr'>curn</span> <span class='ocrx_word' id='word_1_121' title='bbox 439 2364 566 2433; x_wconf 72' lang='lat' dir='ltr'>vulgatis,</span> <span class='ocrx_word' id='word_1_122' title='bbox 578 2366 659 2419; x_wconf 84' lang='lat' dir='ltr'>ceteri</span> <span class='ocrx_word' id='word_1_123' title='bbox 673 2364 769 2433; x_wconf 80' lang='lat' dir='ltr'>majori</span> <span class='ocrx_word' id='word_1_124' title='bbox 779 2384 811 2418; x_wconf 80' lang='lat' dir='ltr'>er</span> <span class='ocrx_word' id='word_1_125' title='bbox 894 2382 950 2415; x_wconf 78' lang='lat' dir='ltr'>ano.</span> <span class='ocrx_word' id='word_1_126' title='bbox 965 2362 1019 2415; x_wconf 83' lang='lat' dir='ltr'>Nec</span> <span class='ocrx_word' id='word_1_127' title='bbox 1035 2365 1136 2415; x_wconf 75' lang='lat' dir='ltr'>domuit</span> <span class='ocrx_word' id='word_1_128' title='bbox 1149 2362 1225 2415; x_wconf 79' lang='lat' dir='ltr'>Allia</span> <span class='ocrx_word' id='word_1_129' title='bbox 1237 2366 1300 2413; x_wconf 73' lang='lat' dir='ltr'>nola</span> <span class='ocrx_word' id='word_1_130' title='bbox 1315 2364 1374 2412; x_wconf 62' lang='lat' dir='ltr'>suri.</span> 
     </span>
     <span class='ocr_line' id='line_1_18' title="bbox 293 2438 1373 2515; baseline -0.005 -19"><span class='ocrx_word' id='word_1_131' title='bbox 293 2454 456 2513; x_wconf 82' lang='lat' dir='ltr'>parte,cuur</span> <span class='ocrx_word' id='word_1_132' title='bbox 468 2444 554 2515; x_wconf 85' lang='lat' dir='ltr'>prima</span> <span class='ocrx_word' id='word_1_133' title='bbox 565 2443 700 2513; x_wconf 88' lang='lat' dir='ltr'>editione,</span> <span class='ocrx_word' id='word_1_134' title='bbox 717 2446 756 2499; x_wconf 80' lang='lat' dir='ltr'>Tre</span> <span class='ocrx_word' id='word_1_135' title='bbox 768 2451 812 2500; x_wconf 77' lang='lat' dir='ltr'>la-</span> <span class='ocrx_word' id='word_1_136' title='bbox 861 2438 939 2513; x_wconf 74' lang='lat' dir='ltr'>Legit</span> <span class='ocrx_word' id='word_1_137' title='bbox 954 2442 1062 2496; x_wconf 79' lang='lat' dir='ltr'>Merula</span> <span class='ocrx_word' id='word_1_138' title='bbox 1081 2445 1159 2495; x_wconf 81' lang='lat' dir='ltr'>:alea</span> <span class='ocrx_word' id='word_1_139' title='bbox 1177 2448 1241 2495; x_wconf 78' lang='lat' dir='ltr'>rata</span> <span class='ocrx_word' id='word_1_140' title='bbox 1254 2444 1322 2501; x_wconf 70' lang='lat' dir='ltr'>tuis,</span> <span class='ocrx_word' id='word_1_141' title='bbox 1348 2450 1373 2492; x_wconf 90' lang='lat' dir='ltr'>et</span> 
     </span>
     <span class='ocr_line' id='line_1_19' title="bbox 294 2517 1374 2598; baseline -0.007 -22"><span class='ocrx_word' id='word_1_142' title='bbox 294 2543 351 2576; x_wconf 80' lang='lat' dir='ltr'>men</span> <span class='ocrx_word' id='word_1_143' title='bbox 361 2523 472 2590; x_wconf 59' lang='lat' dir='ltr'>eudon,</span> <span class='ocrx_word' id='word_1_144' title='bbox 485 2526 812 2598; x_wconf 72' lang='lat' dir='ltr'>Tulamerr&#39;rfimr&#39;sqmr·</span> <span class='ocrx_word' id='word_1_145' title='bbox 860 2520 970 2588; x_wconf 84' lang='lat' dir='ltr'>exponit</span> <span class='ocrx_word' id='word_1_146' title='bbox 987 2521 1095 2582; x_wconf 78' lang='lat' dir='ltr'>Aleum,</span> <span class='ocrx_word' id='word_1_147' title='bbox 1114 2529 1215 2586; x_wconf 72' lang='lat' dir='ltr'>sortes,</span> <span class='ocrx_word' id='word_1_148' title='bbox 1230 2535 1292 2587; x_wconf 65' lang='lat' dir='ltr'>qur.</span> <span class='ocrx_word' id='word_1_149' title='bbox 1306 2517 1374 2585; x_wconf 81' lang='lat' dir='ltr'>iactu</span> 
     </span>
     <span class='ocr_line' id='line_1_20' title="bbox 294 2597 1375 2672; baseline -0.005 -18"><span class='ocrx_word' id='word_1_150' title='bbox 294 2608 331 2654; x_wconf 75' lang='lat' dir='ltr'>eis</span> <span class='ocrx_word' id='word_1_151' title='bbox 344 2623 351 2655; x_wconf 94' lang='lat'><em>:</em></span> <span class='ocrx_word' id='word_1_152' title='bbox 365 2614 475 2672; x_wconf 80' lang='lat' dir='ltr'>quartus</span> <span class='ocrx_word' id='word_1_153' title='bbox 487 2604 658 2670; x_wconf 78' lang='lat' dir='ltr'>Puteaneus,</span> <span class='ocrx_word' id='word_1_154' title='bbox 678 2604 716 2656; x_wconf 80' lang='lat' dir='ltr'>Tu</span> <span class='ocrx_word' id='word_1_155' title='bbox 727 2610 812 2657; x_wconf 77' lang='lat' dir='ltr'>tamer</span> <span class='ocrx_word' id='word_1_156' title='bbox 861 2599 924 2655; x_wconf 76' lang='lat' dir='ltr'>aleae</span> <span class='ocrx_word' id='word_1_157' title='bbox 932 2603 1113 2672; x_wconf 81' lang='lat' dir='ltr'>captabantur.</span> <span class='ocrx_word' id='word_1_158' title='bbox 1123 2601 1320 2656; x_wconf 82' lang='lat' dir='ltr'>Aldinaautem</span> <span class='ocrx_word' id='word_1_159' title='bbox 1329 2597 1375 2650; x_wconf 85' lang='lat' dir='ltr'>let·</span> 
     </span>
     <span class='ocr_line' id='line_1_21' title="bbox 292 2679 1375 2751; baseline -0.006 -17"><span class='ocrx_word' id='word_1_160' title='bbox 292 2686 336 2734; x_wconf 78' lang='lat' dir='ltr'>hic</span> <span class='ocrx_word' id='word_1_161' title='bbox 346 2687 467 2751; x_wconf 58' lang='lat' dir='ltr'>quarrati.</span> <span class='ocrx_word' id='word_1_162' title='bbox 480 2682 570 2736; x_wconf 83' lang='lat' dir='ltr'>Jureti</span> <span class='ocrx_word' id='word_1_163' title='bbox 580 2681 680 2747; x_wconf 83' lang='lat' dir='ltr'>codex,</span> <span class='ocrx_word' id='word_1_164' title='bbox 699 2685 739 2736; x_wconf 78' lang='lat' dir='ltr'>Tu</span> <span class='ocrx_word' id='word_1_165' title='bbox 749 2690 813 2736; x_wconf 80' lang='lat' dir='ltr'>lar·</span> <span class='ocrx_word' id='word_1_166' title='bbox 862 2681 900 2735; x_wconf 83' lang='lat' dir='ltr'>lio</span> <span class='ocrx_word' id='word_1_167' title='bbox 915 2681 1012 2747; x_wconf 86' lang='lat' dir='ltr'>babet,</span> <span class='ocrx_word' id='word_1_168' title='bbox 1034 2683 1090 2736; x_wconf 83' lang='lat' dir='ltr'>Nec</span> <span class='ocrx_word' id='word_1_169' title='bbox 1106 2685 1209 2736; x_wconf 74' lang='lat' dir='ltr'>dareris</span> <span class='ocrx_word' id='word_1_170' title='bbox 1223 2679 1301 2732; x_wconf 78' lang='lat' dir='ltr'>Allia</span> <span class='ocrx_word' id='word_1_171' title='bbox 1317 2682 1375 2730; x_wconf 74' lang='lat' dir='ltr'>nolu</span> 
     </span>
     <span class='ocr_line' id='line_1_22' title="bbox 292 2754 1374 2830; baseline -0.002 -19"><span class='ocrx_word' id='word_1_172' title='bbox 292 2761 349 2811; x_wconf 84' lang='lat' dir='ltr'>dem</span> <span class='ocrx_word' id='word_1_173' title='bbox 358 2761 447 2826; x_wconf 75' lang='lat' dir='ltr'>firmis</span> <span class='ocrx_word' id='word_1_174' title='bbox 468 2763 602 2828; x_wconf 56' lang='lat' dir='ltr'>quamn</span> <span class='ocrx_word' id='word_1_175' title='bbox 632 2769 660 2813; x_wconf 85' lang='lat' dir='ltr'>et</span> <span class='ocrx_word' id='word_1_176' title='bbox 684 2770 738 2815; x_wconf 73' lang='lat' dir='ltr'>tres</span> <span class='ocrx_word' id='word_1_177' title='bbox 759 2759 811 2814; x_wconf 77' lang='lat' dir='ltr'>elii.</span> <span class='ocrx_word' id='word_1_178' title='bbox 860 2757 1294 2830; x_wconf 70' lang='lat' dir='ltr'>suusquodmgtsprotmon</span> <span class='ocrx_word' id='word_1_179' title='bbox 1304 2754 1374 2810; x_wconf 81' lang='lat' dir='ltr'>enim</span> 
     </span>
     <span class='ocr_line' id='line_1_23' title="bbox 297 2833 1376 2911; baseline -0.004 -19"><span class='ocrx_word' id='word_1_180' title='bbox 297 2838 389 2892; x_wconf 84' lang='lat' dir='ltr'>Scribe</span> <span class='ocrx_word' id='word_1_181' title='bbox 402 2858 409 2890; x_wconf 94' lang='lat'><strong>:</strong></span> <span class='ocrx_word' id='word_1_182' title='bbox 862 2839 895 2894; x_wconf 93' lang='lat' dir='ltr'>de</span> <span class='ocrx_word' id='word_1_183' title='bbox 901 2840 1039 2895; x_wconf 85' lang='lat' dir='ltr'>sortitione</span> <span class='ocrx_word' id='word_1_184' title='bbox 1048 2850 1126 2911; x_wconf 86' lang='lat' dir='ltr'>poeta</span> <span class='ocrx_word' id='word_1_185' title='bbox 1133 2837 1320 2907; x_wconf 86' lang='lat' dir='ltr'>bicloquitur,</span> <span class='ocrx_word' id='word_1_186' title='bbox 1331 2833 1376 2890; x_wconf 75' lang='lat' dir='ltr'>aed</span> 
     </span>
     <span class='ocr_line' id='line_1_24' title="bbox 294 2913 1376 2988; baseline -0.007 -12"><span class='ocrx_word' id='word_1_187' title='bbox 294 2926 812 2981; x_wconf 63' lang='lat' dir='ltr'>&#39;rurmn,t,qmvtstmttmtntwtmttt,</span> <span class='ocrx_word' id='word_1_188' title='bbox 862 2919 896 2974; x_wconf 91' lang='lat' dir='ltr'>de</span> <span class='ocrx_word' id='word_1_189' title='bbox 904 2919 1098 2974; x_wconf 77' lang='lat' dir='ltr'>diebuaabiset</span> <span class='ocrx_word' id='word_1_190' title='bbox 1106 2913 1376 2988; x_wconf 71' lang='lat' dir='ltr'>inauspicatis,qnale</span> 
     </span>
     <span class='ocr_line' id='line_1_25' title="bbox 321 2995 1377 3064; baseline -0.006 -10"><span class='ocrx_word' id='word_1_191' title='bbox 321 3003 418 3054; x_wconf 72' lang='lat' dir='ltr'>tproeut.</span> <span class='ocrx_word' id='word_1_192' title='bbox 658 3004 740 3043; x_wconf 72' lang='lat' dir='ltr'>Hm·-</span> <span class='ocrx_word' id='word_1_193' title='bbox 862 3009 921 3052; x_wconf 86' lang='lat' dir='ltr'>tum</span> <span class='ocrx_word' id='word_1_194' title='bbox 937 3003 1071 3054; x_wconf 73' lang='lat' dir='ltr'>sabbatum</span> <span class='ocrx_word' id='word_1_195' title='bbox 1083 2997 1204 3054; x_wconf 77' lang='lat' dir='ltr'>habitunt</span> <span class='ocrx_word' id='word_1_196' title='bbox 1216 2995 1285 3064; x_wconf 82' lang='lat' dir='ltr'>suit,</span> <span class='ocrx_word' id='word_1_197' title='bbox 1298 3013 1377 3064; x_wconf 69' lang='lat' dir='ltr'>prop⁴</span> 
     </span>
     <span class='ocr_line' id='line_1_26' title="bbox 329 3074 1375 3147; baseline -0.005 -17"><span class='ocrx_word' id='word_1_198' title='bbox 329 3098 386 3147; x_wconf 81' lang='lat'><strong>¹¹7·</strong></span> <span class='ocrx_word' id='word_1_199' title='bbox 402 3078 455 3130; x_wconf 83' lang='lat' dir='ltr'>Sed</span> <span class='ocrx_word' id='word_1_200' title='bbox 468 3083 563 3146; x_wconf 76' lang='lat' dir='ltr'>quarto</span> <span class='ocrx_word' id='word_1_201' title='bbox 581 3082 665 3132; x_wconf 69' lang='lat' dir='ltr'>ntitas</span> <span class='ocrx_word' id='word_1_202' title='bbox 683 3086 734 3131; x_wconf 79' lang='lat' dir='ltr'>ete.</span> <span class='ocrx_word' id='word_1_203' title='bbox 756 3078 813 3144; x_wconf 77' lang='lat' dir='ltr'>Quo</span> <span class='ocrx_word' id='word_1_204' title='bbox 861 3087 905 3132; x_wconf 84' lang='lat' dir='ltr'>ter</span> <span class='ocrx_word' id='word_1_205' title='bbox 925 3077 1053 3133; x_wconf 75' lang='lat' dir='ltr'>Judeoe:</span> <span class='ocrx_word' id='word_1_206' title='bbox 1073 3079 1139 3132; x_wconf 84' lang='lat' dir='ltr'>item</span> <span class='ocrx_word' id='word_1_207' title='bbox 1157 3079 1285 3130; x_wconf 58' lang='lat' dir='ltr'>Allatas&amp;</span> <span class='ocrx_word' id='word_1_208' title='bbox 1304 3074 1375 3136; x_wconf 79' lang='lat' dir='ltr'>dies,</span> 
     </span>
     <span class='ocr_line' id='line_1_27' title="bbox 294 3153 1376 3228; baseline -0.002 -20"><span class='ocrx_word' id='word_1_209' title='bbox 294 3160 379 3209; x_wconf 70' lang='lat' dir='ltr'>mrbus</span> <span class='ocrx_word' id='word_1_210' title='bbox 389 3161 428 3210; x_wconf 82' lang='lat' dir='ltr'>ire</span> <span class='ocrx_word' id='word_1_211' title='bbox 439 3159 523 3213; x_wconf 75' lang='lat' dir='ltr'>valdee.</span> <span class='ocrx_word' id='word_1_212' title='bbox 538 3163 611 3210; x_wconf 74' lang='lat' dir='ltr'>tauto</span> <span class='ocrx_word' id='word_1_213' title='bbox 621 3161 705 3224; x_wconf 60' lang='lat' dir='ltr'>magri</span> <span class='ocrx_word' id='word_1_214' title='bbox 714 3160 751 3209; x_wconf 74' lang='lat' dir='ltr'>im</span> <span class='ocrx_word' id='word_1_215' title='bbox 762 3173 812 3208; x_wconf 75' lang='lat' dir='ltr'>ne·</span> <span class='ocrx_word' id='word_1_216' title='bbox 863 3174 917 3228; x_wconf 84' lang='lat' dir='ltr'>quo</span> <span class='ocrx_word' id='word_1_217' title='bbox 930 3159 1047 3213; x_wconf 84' lang='lat' dir='ltr'>Romani</span> <span class='ocrx_word' id='word_1_218' title='bbox 1059 3178 1074 3212; x_wconf 91' lang='lat' dir='ltr'>a</span> <span class='ocrx_word' id='word_1_219' title='bbox 1085 3157 1168 3212; x_wconf 79' lang='lat' dir='ltr'>Gallia</span> <span class='ocrx_word' id='word_1_220' title='bbox 1179 3155 1211 3210; x_wconf 75' lang='lat' dir='ltr'>ed</span> <span class='ocrx_word' id='word_1_221' title='bbox 1223 3155 1320 3208; x_wconf 81' lang='lat' dir='ltr'>Alliam</span> <span class='ocrx_word' id='word_1_222' title='bbox 1331 3153 1376 3206; x_wconf 91' lang='lat' dir='ltr'>llu-</span> 
     </span>
     <span class='ocr_line' id='line_1_28' title="bbox 295 3234 1376 3308; baseline 0 -21"><span class='ocrx_word' id='word_1_223' title='bbox 295 3242 387 3297; x_wconf 79' lang='lat' dir='ltr'>merto,</span> <span class='ocrx_word' id='word_1_224' title='bbox 398 3254 468 3289; x_wconf 77' lang='lat' dir='ltr'>unua</span> <span class='ocrx_word' id='word_1_225' title='bbox 475 3235 558 3289; x_wconf 80' lang='lat' dir='ltr'>codex</span> <span class='ocrx_word' id='word_1_226' title='bbox 569 3251 576 3286; x_wconf 77' lang='lat' dir='ltr'>z</span> <span class='ocrx_word' id='word_1_227' title='bbox 586 3255 644 3290; x_wconf 92' lang='lat' dir='ltr'>non</span> <span class='ocrx_word' id='word_1_228' title='bbox 651 3235 731 3302; x_wconf 76' lang='lat' dir='ltr'>male,</span> <span class='ocrx_word' id='word_1_229' title='bbox 739 3234 762 3290; x_wconf 80' lang='lat' dir='ltr'>ai</span> <span class='ocrx_word' id='word_1_230' title='bbox 771 3253 813 3290; x_wconf 79' lang='lat' dir='ltr'>vo·</span> <span class='ocrx_word' id='word_1_231' title='bbox 862 3257 926 3291; x_wconf 88' lang='lat' dir='ltr'>rnen</span> <span class='ocrx_word' id='word_1_232' title='bbox 933 3237 1049 3308; x_wconf 82' lang='lat' dir='ltr'>superati</span> <span class='ocrx_word' id='word_1_233' title='bbox 1061 3237 1224 3292; x_wconf 64' lang='lat' dir='ltr'>accnisunt</span> <span class='ocrx_word' id='word_1_234' title='bbox 1234 3235 1283 3290; x_wconf 87' lang='lat' dir='ltr'>:de</span> <span class='ocrx_word' id='word_1_235' title='bbox 1291 3251 1376 3304; x_wconf 86' lang='lat' dir='ltr'>quare</span> 
     </span>
     <span class='ocr_line' id='line_1_29' title="bbox 293 3313 1376 3387; baseline -0.006 -18"><span class='ocrx_word' id='word_1_236' title='bbox 293 3321 331 3370; x_wconf 84' lang='lat' dir='ltr'>les</span> <span class='ocrx_word' id='word_1_237' title='bbox 341 3316 444 3386; x_wconf 72' lang='lat' dir='ltr'>legatur</span> <span class='ocrx_word' id='word_1_238' title='bbox 455 3334 462 3368; x_wconf 73' lang='grc' dir='ltr'><strong><em>ι</em></strong></span> <span class='ocrx_word' id='word_1_239' title='bbox 474 3323 570 3384; x_wconf 73' lang='lat' dir='ltr'>quanto</span> <span class='ocrx_word' id='word_1_240' title='bbox 584 3321 667 3369; x_wconf 67' lang='lat' dir='ltr'>mnus</span> <span class='ocrx_word' id='word_1_241' title='bbox 678 3321 717 3370; x_wconf 82' lang='lat' dir='ltr'>r&#39;re</span> <span class='ocrx_word' id='word_1_242' title='bbox 727 3320 811 3379; x_wconf 77' lang='lat' dir='ltr'>mles,</span> <span class='ocrx_word' id='word_1_243' title='bbox 861 3335 940 3387; x_wconf 78' lang='lat' dir='ltr'>supra</span> <span class='ocrx_word' id='word_1_244' title='bbox 953 3317 1118 3382; x_wconf 82' lang='lat' dir='ltr'>dictumest,</span> <span class='ocrx_word' id='word_1_245' title='bbox 1132 3317 1191 3370; x_wconf 79' lang='lat' dir='ltr'>Art.</span> <span class='ocrx_word' id='word_1_246' title='bbox 1202 3317 1263 3368; x_wconf 79' lang='lat' dir='ltr'>Ana.</span> <span class='ocrx_word' id='word_1_247' title='bbox 1279 3315 1310 3380; x_wconf 90' lang='lat' dir='ltr'>l,</span> <span class='ocrx_word' id='word_1_248' title='bbox 1322 3313 1376 3379; x_wconf 78' lang='lat'>413.</span> 
     </span>
     <span class='ocr_line' id='line_1_30' title="bbox 294 3395 1378 3466; baseline -0.001 -17"><span class='ocrx_word' id='word_1_249' title='bbox 294 3405 368 3450; x_wconf 76' lang='lat' dir='ltr'>tarto</span> <span class='ocrx_word' id='word_1_250' title='bbox 387 3401 425 3449; x_wconf 82' lang='lat' dir='ltr'>ire</span> <span class='ocrx_word' id='word_1_251' title='bbox 452 3402 542 3449; x_wconf 66' lang='lat' dir='ltr'>mrum.</span> <span class='ocrx_word' id='word_1_252' title='bbox 567 3395 643 3450; x_wconf 69' lang='lat' dir='ltr'>Atius</span> <span class='ocrx_word' id='word_1_253' title='bbox 670 3402 813 3466; x_wconf 64' lang='lat' dir='ltr'>qualum</span> <span class='ocrx_word' id='word_1_254' title='bbox 897 3417 954 3451; x_wconf 80' lang='lat' dir='ltr'>aaa.</span> <span class='ocrx_word' id='word_1_255' title='bbox 967 3400 1021 3451; x_wconf 87' lang='lat' dir='ltr'>Nec</span> <span class='ocrx_word' id='word_1_256' title='bbox 1032 3415 1151 3459; x_wconf 78' lang='lat' dir='ltr'>maneas,</span> <span class='ocrx_word' id='word_1_257' title='bbox 1164 3415 1212 3449; x_wconf 79' lang='lat' dir='ltr'>nec</span> <span class='ocrx_word' id='word_1_258' title='bbox 1221 3413 1304 3463; x_wconf 76' lang='lat' dir='ltr'>prope</span> <span class='ocrx_word' id='word_1_259' title='bbox 1307 3397 1378 3464; x_wconf 67' lang='lat' dir='ltr'>finge</span> 
     </span>
     <span class='ocr_line' id='line_1_31' title="bbox 295 3471 1375 3546; baseline -0.006 -16"><span class='ocrx_word' id='word_1_260' title='bbox 295 3476 378 3530; x_wconf 87' lang='lat' dir='ltr'>etiam</span> <span class='ocrx_word' id='word_1_261' title='bbox 389 3475 472 3530; x_wconf 85' lang='lat' dir='ltr'>editio</span> <span class='ocrx_word' id='word_1_262' title='bbox 483 3476 568 3546; x_wconf 86' lang='lat' dir='ltr'>prima</span> <span class='ocrx_word' id='word_1_263' title='bbox 583 3487 612 3530; x_wconf 88' lang='lat' dir='ltr'>et</span> <span class='ocrx_word' id='word_1_264' title='bbox 623 3475 678 3530; x_wconf 92' lang='lat' dir='ltr'>duo</span> <span class='ocrx_word' id='word_1_265' title='bbox 686 3477 785 3546; x_wconf 84' lang='lat' dir='ltr'>scripti.</span> <span class='ocrx_word' id='word_1_266' title='bbox 862 3493 954 3528; x_wconf 76' lang='lat' dir='ltr'>moras.</span> <span class='ocrx_word' id='word_1_267' title='bbox 968 3474 1013 3528; x_wconf 87' lang='lat' dir='ltr'>Sic</span> <span class='ocrx_word' id='word_1_268' title='bbox 1027 3473 1133 3529; x_wconf 82' lang='lat' dir='ltr'>Merula</span> <span class='ocrx_word' id='word_1_269' title='bbox 1144 3473 1283 3544; x_wconf 73' lang='lat' dir='ltr'>distinguit</span> <span class='ocrx_word' id='word_1_270' title='bbox 1297 3489 1327 3525; x_wconf 80' lang='lat' dir='ltr'>ac</span> <span class='ocrx_word' id='word_1_271' title='bbox 1338 3471 1375 3524; x_wconf 91' lang='lat' dir='ltr'>le-</span> 
     </span>
     <span class='ocr_line' id='line_1_32' title="bbox 330 3548 1376 3628; baseline -0.007 -19"><span class='ocrx_word' id='word_1_272' title='bbox 330 3575 386 3628; x_wconf 79' lang='lat'>²¹9·</span> <span class='ocrx_word' id='word_1_273' title='bbox 402 3558 567 3622; x_wconf 73' lang='lat' dir='ltr'>Necplurr&#39;as</span> <span class='ocrx_word' id='word_1_274' title='bbox 577 3562 644 3622; x_wconf 77' lang='lat' dir='ltr'>opta.</span> <span class='ocrx_word' id='word_1_275' title='bbox 663 3554 735 3623; x_wconf 75' lang='lat' dir='ltr'>Que</span> <span class='ocrx_word' id='word_1_276' title='bbox 746 3573 814 3608; x_wconf 89' lang='lat' dir='ltr'>ruo-</span> <span class='ocrx_word' id='word_1_277' title='bbox 862 3553 914 3624; x_wconf 78' lang='lat' dir='ltr'>git,</span> <span class='ocrx_word' id='word_1_278' title='bbox 928 3563 957 3608; x_wconf 87' lang='lat' dir='ltr'>ut</span> <span class='ocrx_word' id='word_1_279' title='bbox 967 3553 1000 3608; x_wconf 77' lang='lat' dir='ltr'>ait</span> <span class='ocrx_word' id='word_1_280' title='bbox 1010 3571 1118 3608; x_wconf 74' lang='lat' dir='ltr'>sensus:</span> <span class='ocrx_word' id='word_1_281' title='bbox 1129 3571 1179 3607; x_wconf 87' lang='lat' dir='ltr'>nee</span> <span class='ocrx_word' id='word_1_282' title='bbox 1188 3569 1313 3616; x_wconf 76' lang='lat' dir='ltr'>maneae,</span> <span class='ocrx_word' id='word_1_283' title='bbox 1326 3548 1376 3602; x_wconf 80' lang='lat' dir='ltr'>sive</span> 
     </span>
     <span class='ocr_line' id='line_1_33' title="bbox 296 3632 1376 3705; baseline -0.005 -18"><span class='ocrx_word' id='word_1_284' title='bbox 296 3653 357 3688; x_wconf 86' lang='lat' dir='ltr'>ram</span> <span class='ocrx_word' id='word_1_285' title='bbox 369 3634 417 3688; x_wconf 92' lang='lat' dir='ltr'>tibi</span> <span class='ocrx_word' id='word_1_286' title='bbox 429 3634 535 3688; x_wconf 84' lang='lat' dir='ltr'>abituro</span> <span class='ocrx_word' id='word_1_287' title='bbox 541 3633 677 3702; x_wconf 73' lang='lat' dir='ltr'>injiciant:</span> <span class='ocrx_word' id='word_1_288' title='bbox 690 3644 717 3688; x_wconf 86' lang='lat' dir='ltr'>at</span> <span class='ocrx_word' id='word_1_289' title='bbox 727 3634 814 3705; x_wconf 86' lang='lat' dir='ltr'>prima</span> <span class='ocrx_word' id='word_1_290' title='bbox 862 3632 984 3689; x_wconf 76' lang='lat' dir='ltr'>subsistat</span> <span class='ocrx_word' id='word_1_291' title='bbox 996 3633 1024 3687; x_wconf 92' lang='lat' dir='ltr'>in</span> <span class='ocrx_word' id='word_1_292' title='bbox 1039 3633 1152 3698; x_wconf 88' lang='lat' dir='ltr'>itinere,</span> <span class='ocrx_word' id='word_1_293' title='bbox 1165 3651 1216 3686; x_wconf 83' lang='lat' dir='ltr'>nec</span> <span class='ocrx_word' id='word_1_294' title='bbox 1228 3649 1313 3700; x_wconf 82' lang='lat' dir='ltr'>prope</span> <span class='ocrx_word' id='word_1_295' title='bbox 1330 3647 1376 3698; x_wconf 89' lang='lat' dir='ltr'>pa·</span> 
     </span>
     <span class='ocr_line' id='line_1_34' title="bbox 298 3708 1376 3782; baseline -0.006 -18"><span class='ocrx_word' id='word_1_296' title='bbox 298 3713 391 3780; x_wconf 88' lang='lat' dir='ltr'>editio,</span> <span class='ocrx_word' id='word_1_297' title='bbox 401 3718 543 3772; x_wconf 58' lang='lat' dir='ltr'>celeseum</span> <span class='ocrx_word' id='word_1_298' title='bbox 548 3710 652 3766; x_wconf 79' lang='lat' dir='ltr'>duobus</span> <span class='ocrx_word' id='word_1_299' title='bbox 660 3713 813 3766; x_wconf 75' lang='lat' dir='ltr'>Far-uesieu.</span> <span class='ocrx_word' id='word_1_300' title='bbox 863 3713 942 3765; x_wconf 85' lang='lat' dir='ltr'>triam</span> <span class='ocrx_word' id='word_1_301' title='bbox 952 3711 1024 3782; x_wconf 73' lang='lat' dir='ltr'>finge</span> <span class='ocrx_word' id='word_1_302' title='bbox 1034 3711 1100 3766; x_wconf 83' lang='lat' dir='ltr'>velle</span> <span class='ocrx_word' id='word_1_303' title='bbox 1111 3710 1218 3764; x_wconf 82' lang='lat' dir='ltr'>morari.</span> <span class='ocrx_word' id='word_1_304' title='bbox 1227 3708 1328 3762; x_wconf 79' lang='lat' dir='ltr'>Melius</span> <span class='ocrx_word' id='word_1_305' title='bbox 1336 3725 1376 3760; x_wconf 84' lang='lat' dir='ltr'>au-</span> 
     </span>
     <span class='ocr_line' id='line_1_35' title="bbox 296 3787 1376 3864; baseline -0.006 -18"><span class='ocrx_word' id='word_1_306' title='bbox 296 3792 372 3863; x_wconf 69' lang='lat' dir='ltr'>lege,</span> <span class='ocrx_word' id='word_1_307' title='bbox 391 3799 455 3848; x_wconf 74' lang='lat' dir='ltr'>orla.</span> <span class='ocrx_word' id='word_1_308' title='bbox 472 3792 517 3847; x_wconf 84' lang='lat' dir='ltr'>Sic</span> <span class='ocrx_word' id='word_1_309' title='bbox 534 3791 604 3864; x_wconf 89' lang='lat' dir='ltr'>apud</span> <span class='ocrx_word' id='word_1_310' title='bbox 623 3792 748 3848; x_wconf 84' lang='lat' dir='ltr'>Gratium</span> <span class='ocrx_word' id='word_1_311' title='bbox 766 3813 772 3848; x_wconf 76' lang='grc' dir='ltr'><strong>ι</strong></span> <span class='ocrx_word' id='word_1_312' title='bbox 789 3801 817 3848; x_wconf 80' lang='lat' dir='ltr'>et</span> <span class='ocrx_word' id='word_1_313' title='bbox 862 3802 919 3846; x_wconf 85' lang='lat' dir='ltr'>tem</span> <span class='ocrx_word' id='word_1_314' title='bbox 934 3790 1033 3848; x_wconf 83' lang='lat' dir='ltr'>Aldina</span> <span class='ocrx_word' id='word_1_315' title='bbox 1046 3791 1145 3853; x_wconf 86' lang='lat' dir='ltr'>editio,</span> <span class='ocrx_word' id='word_1_316' title='bbox 1161 3790 1207 3844; x_wconf 88' lang='lat' dir='ltr'>ubi</span> <span class='ocrx_word' id='word_1_317' title='bbox 1223 3789 1282 3843; x_wconf 73' lang='lat' dir='ltr'>bno</span> <span class='ocrx_word' id='word_1_318' title='bbox 1299 3787 1376 3842; x_wconf 82' lang='lat' dir='ltr'>verba</span> 
     </span>
     <span class='ocr_line' id='line_1_36' title="bbox 290 3869 1377 3942; baseline 0 -21"><span class='ocrx_word' id='word_1_319' title='bbox 290 3874 437 3938; x_wconf 70' lang='lat' dir='ltr'>pluerint!</span> <span class='ocrx_word' id='word_1_320' title='bbox 454 3873 536 3924; x_wconf 81' lang='lat' dir='ltr'>Cauri</span> <span class='ocrx_word' id='word_1_321' title='bbox 545 3870 649 3938; x_wconf 63' lang='lat' dir='ltr'>sn&#39;qora</span> <span class='ocrx_word' id='word_1_322' title='bbox 664 3878 769 3926; x_wconf 75' lang='lat' dir='ltr'>vilent:</span> <span class='ocrx_word' id='word_1_323' title='bbox 787 3880 814 3924; x_wconf 85' lang='lat' dir='ltr'>et</span> <span class='ocrx_word' id='word_1_324' title='bbox 862 3873 1065 3942; x_wconf 73' lang='lat' dir='ltr'>distinguuntur</span> <span class='ocrx_word' id='word_1_325' title='bbox 1081 3884 1110 3927; x_wconf 92' lang='lat' dir='ltr'>et</span> <span class='ocrx_word' id='word_1_326' title='bbox 1121 3873 1248 3942; x_wconf 70' lang='lat' dir='ltr'>leguntur</span> <span class='ocrx_word' id='word_1_327' title='bbox 1262 3871 1292 3924; x_wconf 87' lang='lat' dir='ltr'>in</span> <span class='ocrx_word' id='word_1_328' title='bbox 1308 3869 1377 3922; x_wconf 87' lang='lat' dir='ltr'>bunc</span> 
     </span>
     <span class='ocr_line' id='line_1_37' title="bbox 296 3953 1378 4021; baseline 0.003 -18"><span class='ocrx_word' id='word_1_329' title='bbox 296 3962 391 4004; x_wconf 84' lang='lat' dir='ltr'>contra</span> <span class='ocrx_word' id='word_1_330' title='bbox 400 3957 484 4005; x_wconf 71' lang='lat' dir='ltr'>ortam</span> <span class='ocrx_word' id='word_1_331' title='bbox 492 3959 589 4006; x_wconf 73' lang='lat' dir='ltr'>aslum·</span> <span class='ocrx_word' id='word_1_332' title='bbox 601 3953 703 4008; x_wconf 73' lang='lat' dir='ltr'>linus.</span> <span class='ocrx_word' id='word_1_333' title='bbox 713 3981 748 3993; x_wconf 98' lang='lat'>-</span> <span class='ocrx_word' id='word_1_334' title='bbox 758 3954 814 4005; x_wconf 74' lang='lat' dir='ltr'>Pe-</span> <span class='ocrx_word' id='word_1_335' title='bbox 862 3953 975 4008; x_wconf 88' lang='lat' dir='ltr'>modum</span> <span class='ocrx_word' id='word_1_336' title='bbox 987 3957 1176 4012; x_wconf 68' lang='lat' dir='ltr'>:Nemeaeus</span> <span class='ocrx_word' id='word_1_337' title='bbox 1183 3953 1378 4021; x_wconf 63' lang='lat' dir='ltr'>adpropefiuge</span> 
     </span>
     <span class='ocr_line' id='line_1_38' title="bbox 293 4027 1374 4102; baseline 0.001 -21"><span class='ocrx_word' id='word_1_338' title='bbox 293 4033 395 4096; x_wconf 67' lang='lat' dir='ltr'>regrina</span> <span class='ocrx_word' id='word_1_339' title='bbox 403 4033 521 4084; x_wconf 76' lang='lat' dir='ltr'>sabbalo.</span> <span class='ocrx_word' id='word_1_340' title='bbox 531 4030 563 4083; x_wconf 97' lang='lat' dir='ltr'>ld</span> <span class='ocrx_word' id='word_1_341' title='bbox 574 4041 614 4084; x_wconf 76' lang='lat' dir='ltr'>est</span> <span class='ocrx_word' id='word_1_342' title='bbox 624 4029 736 4092; x_wconf 74' lang='lat' dir='ltr'>Judaea3</span> <span class='ocrx_word' id='word_1_343' title='bbox 748 4047 814 4082; x_wconf 85' lang='lat' dir='ltr'>nam</span> <span class='ocrx_word' id='word_1_344' title='bbox 862 4053 947 4086; x_wconf 78' lang='lat' dir='ltr'>moras</span> <span class='ocrx_word' id='word_1_345' title='bbox 959 4048 968 4082; x_wconf 84' lang='grc'>.·</span> <span class='ocrx_word' id='word_1_346' title='bbox 979 4031 1051 4102; x_wconf 86' lang='lat' dir='ltr'>quod</span> <span class='ocrx_word' id='word_1_347' title='bbox 1063 4041 1120 4096; x_wconf 81' lang='lat' dir='ltr'>est;</span> <span class='ocrx_word' id='word_1_348' title='bbox 1135 4050 1170 4084; x_wconf 86' lang='lat' dir='ltr'>ue</span> <span class='ocrx_word' id='word_1_349' title='bbox 1179 4030 1236 4100; x_wconf 75' lang='lat' dir='ltr'>ipse</span> <span class='ocrx_word' id='word_1_350' title='bbox 1248 4029 1297 4082; x_wconf 89' lang='lat' dir='ltr'>tibi</span> <span class='ocrx_word' id='word_1_351' title='bbox 1307 4027 1374 4096; x_wconf 73' lang='lat' dir='ltr'>finge</span> 
     </span>
     <span class='ocr_line' id='line_1_39' title="bbox 295 4106 1376 4182; baseline 0.002 -25"><span class='ocrx_word' id='word_1_352' title='bbox 295 4106 448 4160; x_wconf 85' lang='lat' dir='ltr'>imitatione</span> <span class='ocrx_word' id='word_1_353' title='bbox 457 4107 618 4162; x_wconf 68' lang='lat' dir='ltr'>Judeorum</span> <span class='ocrx_word' id='word_1_354' title='bbox 626 4109 707 4162; x_wconf 85' lang='lat' dir='ltr'>etiarn</span> <span class='ocrx_word' id='word_1_355' title='bbox 715 4107 815 4162; x_wconf 86' lang='lat' dir='ltr'>Roma·</span> <span class='ocrx_word' id='word_1_356' title='bbox 862 4106 1376 4182; x_wconf 76' lang='lat' dir='ltr'>moras,quoeausammanendiacoet·</span> 
     </span>
     <span class='ocr_line' id='line_1_40' title="bbox 294 4185 1175 4252; baseline 0.001 -12"><span class='ocrx_word' id='word_1_357' title='bbox 294 4205 345 4240; x_wconf 77' lang='lat' dir='ltr'>noe</span> <span class='ocrx_word' id='word_1_358' title='bbox 356 4185 556 4242; x_wconf 79' lang='lat' dir='ltr'>hebdomadem</span> <span class='ocrx_word' id='word_1_359' title='bbox 568 4189 673 4243; x_wconf 85' lang='lat' dir='ltr'>dierum</span> <span class='ocrx_word' id='word_1_360' title='bbox 683 4210 690 4252; x_wconf 75' lang='grc' dir='ltr'><strong>ς</strong></span> <span class='ocrx_word' id='word_1_361' title='bbox 702 4189 770 4242; x_wconf 85' lang='lat' dir='ltr'>etin</span> <span class='ocrx_word' id='word_1_362' title='bbox 782 4207 814 4242; x_wconf 87' lang='lat' dir='ltr'>ea</span> <span class='ocrx_word' id='word_1_363' title='bbox 862 4191 938 4247; x_wconf 79' lang='lat' dir='ltr'>sandi</span> <span class='ocrx_word' id='word_1_364' title='bbox 950 4190 1056 4244; x_wconf 81' lang='lat' dir='ltr'>habeas.</span> <span class='ocrx_word' id='word_1_365' title='bbox 1068 4188 1175 4242; x_wconf 82' lang='lat' dir='ltr'>Mtcrn.</span> 
     </span>
    </p>
   </div>
   <div class='ocr_carea' id='block_1_5' title="bbox 295 4259 1375 4340">
    <p class='ocr_par' dir='ltr' id='par_1_5' title="bbox 295 4259 1375 4340">
     <span class='ocr_line' id='line_1_41' title="bbox 295 4259 1375 4340; baseline -0.013 -15"><span class='ocrx_word' id='word_1_366' title='bbox 295 4267 424 4337; x_wconf 73' lang='lat' dir='ltr'>quosdam</span> <span class='ocrx_word' id='word_1_367' title='bbox 441 4267 518 4338; x_wconf 76' lang='lat' dir='ltr'>dies,</span> <span class='ocrx_word' id='word_1_368' title='bbox 543 4289 624 4340; x_wconf 76' lang='lat' dir='ltr'>prava</span> <span class='ocrx_word' id='word_1_369' title='bbox 640 4271 811 4338; x_wconf 72' lang='lat' dir='ltr'>imitatione,</span> <span class='ocrx_word' id='word_1_370' title='bbox 896 4273 953 4339; x_wconf 69' lang='lat' dir='ltr'>aad.</span> <span class='ocrx_word' id='word_1_371' title='bbox 966 4271 1195 4326; x_wconf 72' lang='lat' dir='ltr'>Tutusadducetc.</span> <span class='ocrx_word' id='word_1_372' title='bbox 1203 4259 1375 4322; x_wconf 84' lang='lat' dir='ltr'>Hocadditiu</span> 
     </span>
    </p>
   </div>
   <div class='ocr_carea' id='block_1_6' title="bbox 0 0 1523 5000">
    <p class='ocr_par' dir='ltr' id='par_1_6' title="bbox 0 0 1523 5000">
     <span class='ocr_line' id='line_1_42' title="bbox 0 0 1523 5000; baseline 0 0"><span class='ocrx_word' id='word_1_373' title='bbox 0 0 1523 5000; x_wconf 95' lang='lat' dir='ltr'> </span> 
     </span>
    </p>
   </div>
  </div>
 </body>
</html>
