3009 5000
350 427 413 522 174
626 431 1138 504 nov1u11uasou1s

391 565 432 636 Iu
449 560 594 664 liquidas
611 564 765 638 nondum
782 593 865 666 quas
883 595 978 640 mora
993 569 1094 642 vertit
1111 596 1223 670 aquas.

343 679 545 769 Candidior,
561 680 654 781 quod
670 679 781 756 adhue
798 682 927 783 spumis
944 683 1166 760 stridentibus
1182 685 1290 775 albet,

389 801 437 872 Et
452 797 555 872 modo
573 797 743 886 siccatam,
758 796 859 887 laete,
873 799 1036 902 relinquit
1052 831 1158 876 ovem.

340 917 473 990 Taums
490 930 561 988 erat
576 941 687 988 comes
703 913 801 1003 huie,
815 914 956 990 feliciter
972 915 1029 992 ille
1046 919 1206 1008 maritus3
1389 941 1416 992 ιε

391 1030 545 1133 Cumque
561 1059 623 1106 sua
639 1048 787 1106 teneram
805 1033 948 1133 conjuge
962 1035 1086 1136 pressit
1101 1035 1253 1110 humum.

341 1149 433 1222 Dum
446 1148 546 1246 jacet,
562 1165 596 1224 et
611 1146 699 1223 lente
715 1167 885 1224 revocatas
903 1152 1051 1226 ruminat
1065 1152 1206 1242 herbas,

388 1268 502 1366 Atque
520 1265 642 1340 iterum
659 1283 758 1366 pasto
776 1267 927 1368 pasoitur
941 1285 1018 1341 ante
1037 1267 1136 1356 cibo;

340 1383 444 1455 Visus
461 1397 550 1469 erat,
565 1409 685 1455 somno
699 1381 785 1456 vires
804 1381 988 1471 adimente,
1005 1381 1125 1457 serenti

391 1499 613 1593 Cornigerum
631 1515 725 1572 terrae
739 1497 937 1599 deposuisse
955 1515 1068 1601 caput.

341 1616 419 1689 Huc
434 1613 565 1688 levibus
583 1615 700 1689 cornix
717 1614 838 1716 pennis
854 1614 989 1717 delapsa
1006 1646 1066 1718 per
1083 1643 1179 1690 auras

392 1731 513 1819 Venit,
531 1749 566 1805 et
580 1731 616 1805 in
631 1729 729 1804 viridi
748 1731 880 1826 garrula
896 1732 984 1808 sedit
1002 1733 1106 1807 humo
1120 1762 1129 1822 3

340 1845 474 1948 Terque
490 1848 589 1922 bovis
607 1848 709 1922 nivea
721 1847 886 1950 petulanti
903 1867 1041 1952 pectora
1057 1867 1169 1925 rostro

392 1965 513 2054 Fodit,
527 1981 562 2039 et
573 1963 725 2039 albentes
741 1965 883 2042 abstulit
899 1996 956 2042 ore
967 1969 1077 2068 jubas.

376 2157 579 2226 ra.1ulr'qur'das
590 2156 700 2208 nondum
711 2173 776 2224 quas
786 2175 859 2210 mora
906 2156 1018 2225 Servio,
1033 2157 1067 2211 ad
1080 2157 1135 2212 Eoi.
1149 2175 1192 2221 vr,
1207 2158 1255 2225 54,
1274 2156 1347 2212 dieta
1356 2167 1417 2211 asta

341 2239 515 2304 uertiteqreas.
524 2232 615 2286 Terris
625 2232 857 2303 euimaliquandiu
906 2256 994 2300 ruma,
1007 2237 1143 2290 eminente
1152 2237 1266 2307 gutturis
1274 2247 1366 2306 parte,
1375 2253 1418 2304 per

341 2321 480 2368 rinmomtae
495 2314 594 2368 sensim
610 2313 775 2382 flavescunt,
798 2326 860 2369 tan-
908 2333 990 2384 quam
1004 2314 1133 2369 demissus
1147 2315 1220 2370 ethre
1231 2316 1338 2370 acertis
1348 2334 1417 2370 mo-

343 2396 459 2466 demque
475 2395 723 2468 Zephyroputres,
744 2399 860 2450 ceeisle
908 2401 984 2446 catur
994 2394 1180 2450 animalibus.»
1422 2457 1437 2473 ⁵

342 2477 469 2533 mortibus
479 2477 622 2543 leputatur,
634 2473 663 2526 in
675 2471 792 2543 gelidum
801 2473 859 2527 hu·
944 2492 983 2546 19„
994 2475 1086 2529 &eruo
1099 2478 1167 2529 utres
1179 2476 1311 2529 adimente
1316 2474 1419 2544 serendi.

342 2572 449 2607 morem
461 2551 600 2618 resoluta,
613 2552 641 2607 in
655 2552 767 2622 liquidas
779 2572 859 2624 aquas
907 2553 1012 2605 Ferenti
1020 2552 1187 2619 Puteaneus,
1205 2551 1418 2619 Arundeliamu,

343 2648 485 2685 conversa.
907 2640 936 2683 et
952 2649 1021 2684 unus
1033 2630 1135 2684 Mureti
1152 2630 1265 2699 scilieet,
1284 2640 1361 2685 tem.
1379 2632 1419 2685 ste

379 2708 418 2760 13.
432 2710 515 2761 lacte
516 2746 579 2761 .......
591 2710 860 2777 quodadhucspumis
908 2706 1025 2775 Statius,
1041 2724 1080 2774 11,
1093 2708 1179 2762 Theb.
1194 2709 1261 2777 178:
1276 2712 1418 2778 Quantaque

343 2790 507 2841 stn'dente'tas
521 2790 596 2840 albet.
613 2786 631 2841 J
634 2806 740 2841 uvencre
752 2786 859 2841 cando·
899 2784 1025 2853 ferentem
1031 2788 1168 2839 Fortem
1174 2790 1372 2841 mrtutedoneesl
1381 2786 1417 2839 lta

343 2885 403 2919 rem
422 2865 482 2919 lacti
500 2876 655 2935 comparat,
674 2865 746 2936 quod
766 2886 859 2920 reeens
908 2872 936 2917 et
938 2864 1053 2932 serentes
1062 2871 1136 2919 uenti
1146 2866 1230 2936 poetis
1242 2882 1249 2917 ε
1259 2868 1310 2922 suit
1322 2886 1416 2938 quum,

343 2943 492 3010 emulsum,
513 2945 612 3014 spumis
635 2943 729 2998 stridet
745 2948 860 2999 'altend—
907 2947 1003 2995 virenti
1010 2948 1079 2996 terre
1088 2943 1259 2997 scribendum
1270 2950 1417 3010 censerem

343 3029 397 3079 bus.
412 3052 446 3064 -
460 3024 588 3076 Se'ccatam
599 3043 682 3085 orem,
698 3024 858 3093 emuietam,
909 3020 980 3090 quod
994 3021 1138 3076 confirmat
1148 3023 1339 3079 Menteiianus.
1354 3025 1388 3078 Η.

342 3100 503 3157 exhaustam.
515 3130 549 3142 -
557 3103 725 3156 Strideutibus
734 3108 811 3157 albet.
823 3104 857 3157 In
939 3117 980 3150 20·
993 3100 1153 3167 Commorat
1164 3106 1241 3154 terre.
1257 3104 1351 3166 Terra,
1366 3098 1418 3155 Pu-

342 3180 440 3235 eodem
455 3180 522 3233 libro
536 3182 711 3235 candentibus.
722 3183 857 3235 Strideetr'-
905 3184 1016 3232 lennem
1029 3187 1057 3230 et
1067 3178 1275 3235 Arundelianus.
1288 3181 1372 3234 lum.

342 3264 390 3315 bus
399 3262 484 3321 ardet,
499 3258 642 3313 Palatinus.
938 3256 980 3309 23.
996 3259 1090 3326 Terque
1102 3260 1180 3311 tovr's.
1192 3259 1225 3312 In
1240 3278 1299 3313 uno
1313 3279 1416 3315 eorum-

379 3340 418 3403 ¹4·
432 3338 569 3405 Relinquit.
590 3337 623 3390 ln
640 3337 768 3391 ambobus
786 3337 857 3393 libris
906 3333 985 3403 dem,
999 3342 1073 3404 atque
1085 3339 1174 3389 boris:
1187 3338 1292 3407 verius,
1306 3348 1416 3409 utputo.

343 3415 471 3484 antiquis,
489 3418 600 3483 relr'qur't,
614 3416 740 3485 praeteriti
751 3428 857 3489 tempo-
907 3410 987 3467 Ctor.
1005 3442 1040 3454 —
1052 3416 1187 3468 petulanti
1201 3425 1292 3471 rostro.
1311 3417 1416 3471 Adiudit

342 3498 379 3550 ria
392 3516 399 3550 ε
414 3494 506 3565 placet.
523 3493 602 3549 Ctor.
904 3492 1015 3546 sortasse
1028 3492 1061 3546 ad
1073 3493 1191 3563 linguam
1202 3514 1346 3565 procacem
1355 3537 1363 3564 ,
1372 3517 1416 3566 pe·

283 3592 286 3602 ·
380 3577 743 3630 15.1oo·cuerr11emanrus.
763 3576 854 3645 Felix,
904 3573 1120 3637 tetartemoria,
1138 3575 1171 3628 de
1185 3595 1236 3645 qua
1251 3579 1333 3648 pardo
1346 3588 1414 3648 post,

344 3656 387 3710 cui
402 3654 460 3709 talis
473 3655 571 3724 conjux
585 3655 716 3727 obtigerit.
903 3654 933 3707 in
945 3657 1041 3709 somnii
1053 3656 1284 3725 interpretatione.

378 3737 490 3807 17.Dum
490 3735 567 3803 jacet
571 3741 597 3786 et
602 3738 669 3788 lente
678 3744 809 3789 revocatas
817 3758 856 3790 re·
938 3737 978 3802 24.
988 3738 1067 3788 Fodit
1077 3744 1104 3789 et
1112 3740 1234 3789 albentes.
1246 3741 1342 3801 Cedet,
1354 3740 1414 3807 [τις

341 3818 424 3867 mriaat
440 3815 538 3866 herbas.
563 3813 620 3867 Nec
641 3831 674 3866 eo
694 3824 854 3882 contentus,
903 3824 1028 3867 ruentum
1042 3815 1219 3883 Patauinum,
1241 3816 1316 3885 quod
1329 3818 1413 3888 piacet.

342 3908 405 3943 mor
419 3890 509 3945 addit:
523 3897 597 3960 atque
608 3896 697 3945 iterum
704 3898 783 3959 pasto
791 3912 854 3960 pas-
903 3890 1100 3960 sertorianus,
1116 3896 1204 3948 Bodr't.
1230 3896 1348 3950 Tendere
1357 3894 1418 3949 dixit

343 3971 411 4020 cr'ter
420 3974 480 4020 ante
492 3973 567 4033 citu
582 3968 652 4037 quod
666 3978 753 4022 totum
767 3980 807 4023 est
816 3990 855 4023 re-
905 3967 1002 4023 Cicero
1012 3970 1134 4040 Arateis,
1152 3991 1217 4026 ano:

343 4048 491 4097 me‘natr'onr's
501 4046 649 4101 artificium.
659 4046 714 4101 Sed
725 4068 805 4117 quarn
813 4067 855 4103 or·
903 4060 1018 4099 termnum
1026 4062 1091 4117 eirena
1100 4064 1278 4114 prunarum
1285 4078 1359 4104 ωηω

343 4133 422 4189 uate,
436 4141 516 4191 quam
527 4126 628 4193 poetice
641 4127 731 4179 omnia
744 4126 799 4181 heae
808 4147 855 4181 ex·
902 4133 976 4174 nuum
984 4134 1062 4182 tundit.
1071 4135 1129 4175 erute
1140 4146 1178 4175 etc·
1305 4140 1379 4178 suu.

342 4202 493 4270 ponuntur!
508 4205 774 4274 Rume'retioautem,
787 4216 854 4262 teate
902 4235 936 4248 -
963 4211 1013 4263 Ore
1026 4210 1117 4279 jubas.
1138 4212 1171 4266 In
1190 4232 1244 4268 uuo
1263 4214 1411 4279 Vaticano,
