3009 5000
246 504 305 546 ιω
524 479 562 544 r.
589 477 773 546 ov1n11
801 477 1033 546 uasours
1113 463 1123 484 ⁴

291 617 464 716 Objicitur
479 616 622 692 dominae
638 633 880 690 contemerasse
897 633 1021 690 torum.

242 739 288 810 Dt
303 734 438 822 melius,
460 743 564 834 quam'
577 763 649 820 me,
667 733 695 808 si
713 733 758 808 sit
772 760 927 833 peccasse
944 731 1072 822 libido,

291 850 434 925 Sordida
450 867 623 924 contemta
641 849 742 924 sortis
761 850 865 924 amica
879 850 988 947 juvet!

187 983 191 992 '
242 967 331 1064 Quis
349 966 488 1040 Veneris
506 965 637 1040 famulae
655 965 827 1041 connubia
843 965 931 1041 liber
947 966 1051 1054 inire,

290 1085 463 1183 Tergaque
480 1081 658 1183 complecti
674 1084 812 1157 verbere
826 1063 918 1157 secta
932 1071 1034 1158 velit?

242 1199 353 1288 Adde,
372 1200 465 1302 quod
483 1199 642 1276 ornandis
659 1199 716 1275 illa
734 1218 785 1277 cst
802 1218 939 1302 operata
954 1198 1104 1303 capillis,

291 1319 337 1389 Et
354 1316 416 1390 tibi
434 1346 494 1419 per
510 1317 624 1392 doctas
643 1317 737 1413 grata
753 1317 907 1392 ministra
923 1306 1068 1391 manus(

244 1429 378 1506 Scilicet
395 1431 563 1520 ancillam,
584 1461 657 1533 qua
675 1450 742 1506 tam
762 1432 826 1505 tihi
842 1431 924 1520 fida,
943 1431 1117 1528 rogarem?
1290 1451 1330 1506 25.

294 1547 405 1645 Quid,
424 1549 491 1621 nisi
508 1567 548 1622 ut
564 1548 690 1622 indicio
706 1549 823 1647 juncta
839 1545 975 1649 repulsa
989 1546 1103 1620 foret?

245 1665 310 1738 Per
327 1666 490 1738 Venerem
507 1665 601 1762 juro,
618 1665 783 1769 puerique
802 1661 946 1737 volatilis
960 1691 1075 1751 mous,

294 1782 353 1856 Me
371 1809 442 1854 non
459 1780 594 1855 admissi
612 1781 761 1856 criminis
777 1809 848 1855 esse
862 1808 967 1854 reum.

245 1985 413 2054 scripserunt,
424 2004 530 2039 versum
541 1983 613 2039 hunc
622 1985 693 2038 milla
702 2003 759 2037 mo·
808 1982 882 2036 venit
890 1980 1012 2047 audacias,
1022 1979 1327 2034 utm'ar'stmrrdominae

246 2064 301 2130 dis,
313 2062 469 2118 cruciatibus
480 2063 551 2116 mille
563 2074 698 2116 vexarunt.
707 2063 760 2116 Atii
808 2079 863 2114 suas
871 2059 938 2113 adeo
943 2065 1052 2127 grutam,
1065 2057 1222 2111 sollicitaret.
1235 2057 1327 2110 Neruo

248 2141 321 2195 enim
333 2161 339 2194 ι
350 2144 420 2195 Ecce
433 2147 501 2194 tuum
514 2143 595 2193 solers
605 2147 683 2208 caput
691 2159 764 2194 eaor·
809 2138 882 2192 euim
890 2139 994 2208 ignorat
1004 2146 1106 2206 quanto
1116 2135 1144 2188 in
1155 2135 1241 2206 pretio
1252 2133 1329 2206 apud

246 2239 311 2272 nare
323 2230 371 2272 etc.
384 2218 437 2272 Alii
446 2237 511 2271 vero
524 2236 530 2270 :
542 2219 612 2270 Ecce
623 2224 691 2271 turem
704 2223 761 2270 cri-
810 2217 946 2272 Romanas
955 2225 1044 2269 essem
1054 2233 1144 2268 manas
1154 2217 1250 2276 docte,
1263 2213 1330 2282 qui-

246 2317 302 2350 nem
313 2299 393 2350 solers
403 2316 493 2350 ornam
507 2307 555 2350 etr.
582 2296 652 2364 Ques
671 2305 761 2350 tarum
809 2296 858 2350 bus
868 2297 980 2348 amandi
988 2292 1072 2362 capilli
1082 2292 1328 2346 committerentur.

246 2376 371 2429 lectiones
391 2385 535 2444 utrumque
553 2371 706 2439 mendosus,
728 2393 762 2428 eo
844 2375 884 2428 ab.
900 2377 981 2441 Qur'd,
993 2377 1049 2425 arbi
1057 2382 1106 2425 etc.
1117 2373 1180 2426 Non
1193 2369 1275 2424 modo
1288 2391 1329 2423 m·

247 2474 329 2525 usque
341 2453 516 2508 obtinuerunt
529 2491 536 2519 ,
558 2451 645 2505 donec
662 2451 762 2521 genui·
807 2459 910 2520 ‘autem
920 2450 1075 2521 repulisset,
1093 2449 1176 2504 sedet
1188 2449 1267 2521 (quas
1278 2468 1329 2502 sua

249 2552 314 2586 nam
326 2532 452 2586 Heinsius
469 2551 483 2584 e
496 2530 573 2583 codd.
585 2540 679 2582 vetust.
698 2528 762 2582 seli·
811 2540 851 2584 est
863 2530 891 2583 in
903 2541 930 2583 te
943 2529 1023 2585 fides!
1033 2527 1047 2598 )
1058 2548 1118 2582 rem
1130 2547 1242 2581 omnem
1253 2527 1287 2580 ad
1300 2536 1329 2580 te

248 2613 314 2665 riter
321 2609 428 2663 eruerit.
436 2636 469 2649 ·-
480 2610 584 2661 Omare.
594 2607 636 2659 Du
644 2610 764 2659 cosmatis
812 2606 954 2662 detulisset.

169 2710 170 2714 ¹
250 2701 278 2743 ct
288 2692 470 2748 omatricr'bas,
483 2687 555 2755 jam,
568 2685 600 2739 ad
609 2685 651 2739 tit.
662 2685 724 2738 Am.
736 2700 765 2751 t,
847 2688 942 2754 27.Per
952 2682 1145 2754 Μικκίων]
1153 2683 1330 2738 Habuitsmc

252 2767 292 2819 El.
301 2770 535 2837 xro-Cypassis.
544 2763 661 2833 Vulgare
669 2762 767 2817 ancillis
813 2764 848 2816 ob
865 2764 955 2817 oculos
976 2782 1035 2833 qua
1052 2766 1082 2817 in
1102 2763 1147 2817 tali
1164 2784 1194 2817 re
1207 2762 1331 2817 Tibullus

250 2867 268 2897 a
291 2848 381 2899 rurale
400 2863 520 2910 nomen,
537 2848 674 2907 Κύιασσις,
693 2838 766 2910 quod
813 2842 947 2912 praecipit,
962 2842 995 2909 1,
1015 2842 1088 2912 Eleg.
1099 2860 1146 2909 ιν,
1161 2860 1209 2913 17:

251 2935 291 2977 est
298 2928 420 2991 pallium,
434 2929 515 2975 vestis
525 2922 617 2973 talan‘s
626 2918 763 2990 quodam,
813 2932 856 2972 ttae
864 2934 931 2983 jum:
939 2933 987 2971 um
996 2946 1002 2972 ε
1010 2932 1092 2971 vm‘n
1102 2932 1190 2984 perjuri·
1199 2932 1254 2971 vent

252 3022 332 3073 quarn
343 3002 507 3055 delicatiores
518 3011 575 3053 tum
585 2998 645 3065 viri,
656 3009 714 3051 tum
723 2998 765 3051 ie-
839 3008 899 3045 1rriu
907 3005 1162 3058 pneumaticum·
1173 3003 1249 3043 tant.

252 3078 574 3150 minaegeuabanttteist.
584 3076 763 3147 Antbolpaa.
814 3083 905 3152 Longe
917 3098 982 3133 vero
990 3080 1075 3145 aliter,
1088 3090 1116 3133 et
1127 3078 1231 3148 gravius
1241 3076 1333 3131 multo

285 3180 325 3216 ao.
347 3162 455 3212 Sordida
474 3164 606 3212 contemto
629 3169 678 3212 etc
700 3157 765 3225 Quo
800 3159 985 3228 'Proprium
1000 3156 1224 3227 Eleg.xsrr,47:

252 3240 347 3293 certius
363 3238 538 3306 suspicionem
552 3246 690 3301 amoveat,
711 3254 766 3288 an·
814 3251 1041 3303 Nmmperptuidus
1048 3250 1139 3301 purim·
1146 3248 1294 3287 enormes·

252 3318 316 3371 cillae
334 3315 516 3369 conditionem
538 3314 672 3384 deprimit.
695 3313 766 3382 Quis
835 3324 1246 3377 tuptoe,usnet=mugitmm

254 3396 343 3461 enim,
356 3392 438 3446 modo
449 3392 514 3447 liber
525 3403 552 3445 ct
563 3392 709 3462 ingenuus,
715 3390 767 3459 sa·
814 3399 970 3439 Vidisti-'mro
977 3398 1054 3465 usito·
1062 3396 1249 3449 pamma-bt

255 3478 325 3527 mula
352 3474 458 3526 Veneni
478 3470 610 3523 connubia
629 3470 714 3536 inire,
739 3478 767 3521 et
837 3469 1255 3524 rutnmqmntatnttuttaimdmr

256 3561 327 3620 terga
334 3548 472 3619 complecti
483 3548 559 3615 velit,
571 3555 644 3602 secta
652 3551 769 3602 turbem?
814 3546 1335 3599 &suffimentum-quum

255 3630 386 3699 Supplicia
393 3627 515 3696 designat
528 3665 535 3691 ,
559 3626 653 3694 quibus
664 3626 692 3677 iu
704 3644 766 3677 ser·
838 3621 918 3662 Nouis
926 3620 1222 3661 dormitatura-intantum.

255 3728 315 3771 vas,
333 3706 374 3759 vel
387 3704 502 3759 domina
523 3704 684 3768 carissimas,
703 3702 768 3757 ani-
814 3699 1002 3751 ¹³⁰¹1'¹¹¹··¹¹1¹²⁴³⁵¹1e
1009 3697 1136 3749 „Urvi”
1144 3696 1220 3749 path»
1227 3704 1266 3736 ⁰¹⁴·

256 3784 477 3839 madvertcbatur.
850 3779 889 3831 a&
912 3777 1264 3831 ,transmeamus
1273 3792 1337 3827 esse

290 3864 328 3915 23.
343 3858 769 3930 Addc,quodomand1'setcNo-
815 3876 892 3909 mum.
916 3853 998 3923 Quod
1011 3852 1120 3923 quidem
1137 3870 1219 3921 quam
1235 3870 1336 3904 verum

255 3960 314 3995 vam
326 3939 446 3993 eluendae
456 3940 609 4009 suspicionis
614 3956 717 3993 causam
724 3956 769 4007 pe·
816 3934 863 3999 sit,
875 3952 955 4003 quam
965 3930 1123 3996 candidum,
1133 3930 1259 3998 sequenti
1270 3948 1337 3982 mox

256 4021 289 4073 tit
300 4018 331 4072 ab
343 4018 415 4087 ipso,
429 4036 481 4087 quo
492 4019 613 4089 fungitur
624 4016 693 4087 apud
706 4015 769 4069 Co·
818 4010 909 4081 Elegia
918 4008 1109 4078 comprobabit,
1117 4006 1273 4076 hujusmodi
1281 4010 1337 4062 cri·

257 4097 363 4151 rinnam
372 4095 459 4149 officio
470 4096 598 4168 Cypassis.
611 4098 673 4152 Nou
682 4114 714 4148 eo
725 4094 769 4148 de·
818 4092 922 4145 minum
933 4087 1110 4143 dissimulator
1120 4086 1251 4156 egregius.

670 4227 912 4254 -Φ
