3009 5000
339 484 581 552 Antottttttt
610 486 688 552 111.
721 485 873 555 ELEG.
901 491 958 556 ΙΙ.

158 615 248 717 Quos
262 615 361 692 saciat
379 635 498 692 nostra
510 635 602 692 mota
617 615 741 694 tabella
752 621 881 696 manu?

120 737 164 809 ln
176 736 279 832 magis
294 735 351 809 hic
367 762 462 810 meus
479 752 531 810 est
546 735 668 824 animi,
679 763 753 810 nou
768 737 871 825 atrio,
886 757 1005 830 aestus,
1173 821 1179 828 ,

158 853 325 953 Captaque
341 850 506 926 semineus
520 867 659 952 pectora
677 869 785 928 torret
799 857 918 929 amor?
1151 881 1186 950 to

120 969 197 1042 Dum
211 968 351 1069 loquor,
366 966 442 1042 alba
459 968 558 1064 nigro
576 996 692 1070 sparsa
708 986 761 1044 est
777 969 843 1045 tibi
856 969 992 1072 pulvere
1008 974 1121 1049 vestis.

158 1084 294 1158 Sordide
308 1082 350 1158 de
365 1083 465 1158 niveo
482 1095 624 1184 corpore
641 1082 753 1186 pulvis
771 1085 839 1160 abi.

119 1201 173 1276 set
184 1203 248 1302 jam
266 1229 392 1304 pompa
409 1201 521 1276 venit:
536 1199 662 1297 linguis
679 1202 866 1304 animisque
881 1201 998 1278 favete.

158 1321 302 1421 Tempus
319 1319 414 1395 adest
428 1317 588 1420 plausus:
604 1349 702 1395 antra
718 1349 844 1423 pompa
859 1323 962 1398 venit.
1025 1348 1031 1359 ·

119 1436 215 1513 Prima
227 1438 303 1512 loco
319 1436 428 1513 fertur
444 1437 552 1538 passis
570 1437 720 1512 Victoria
736 1440 881 1540 pennis:
1151 1465 1187 1533 45

158 1555 230 1628 Huc
248 1553 347 1642 ades3
362 1570 396 1628 et
411 1581 506 1628 meus
519 1553 575 1626 hic
592 1553 661 1644 lac,
676 1555 766 1644 Dea,
780 1555 898 1629 vincat
908 1583 1012 1629 amor.
1187 1560 1191 1567 ’

117 1667 255 1745 Plaudite
270 1671 450 1774 Neptuno,
462 1670 606 1746 nimium
625 1672 684 1772 qui
701 1671 838 1746 creditis
852 1671 979 1746 undis:

1121 492 1179 561 161

117 1838 178 1893 venti
193 1839 334 1906 dicuntur,
353 1859 438 1909 quum
453 1839 486 1894 de
503 1839 619 1910 naviga·
667 1839 724 1895 lraec
735 1841 869 1902 solemnis,
882 1859 962 1909 quarn
971 1838 1076 1910 egregie
1085 1838 1187 1894 descri-

117 1917 178 1971 tione
190 1919 283 1989 agitur.
296 1917 390 1988 Quare
403 1937 454 1988 ego
464 1937 528 1989 cnm
540 1917 619 1972 sen·-
667 1920 707 1972 bit
716 1919 828 1992 Dionys.
837 1919 973 1978 Halicarn.
984 1933 1037 1984 vri,
1052 1937 1094 1988 pa,
1108 1917 1186 1972 sCa·

117 1997 213 2050 veriano
223 1997 330 2065 codice,
347 2005 445 2051 teneros
456 1999 619 2067 praelerrem.
669 1997 761 2066 pitolio
771 1998 798 2049 in
808 1997 919 2050 Circum
932 2014 1031 2066 magno
1041 2007 1186 2065 apparatu,

117 2073 153 2127 Sic
169 2075 272 2130 Lucret.
291 2092 319 2142 1,
339 2076 408 2128 208:
428 2081 527 2127 teneras
544 2091 620 2126 auras
669 2072 1187 2144 coqueordinepersorumprocedebat:

117 2151 187 2221 dixit,
200 2165 227 2208 et
238 2154 337 2208 Noster
346 2168 399 2219 ttt,
413 2150 495 2206 Trist.
506 2167 575 2216 vm,
588 2171 602 2219 7
612 2168 620 2202 t
669 2159 762 2224 llpiiees
772 2157 817 2220 μὶν
829 2158 852 2207 sl
862 2157 944 2211 selme
955 2157 1032 2206 αὐτῶν
1043 2153 1154 2226 spiritui
1163 2177 1188 2228 rr

116 2235 485 2276 Utummetrisserleutevolstilsus
496 2247 551 2272 curs.
569 2234 593 2272 tt.
669 2237 710 2284 χαὶ
722 2239 763 2282 τοῦ
777 2233 1005 2296 :spectauimus
1019 2232 1124 2294 limitet,
1142 2235 1187 2285 ir·

143 2310 180 2362 38.
194 2313 265 2378 Quos
275 2309 371 2378 sacia!
385 2313 472 2361 rostra
487 2314 557 2360 mola
571 2314 620 2359 la-

115 2389 175 2441 icis
190 2407 274 2442 mauu.
295 2388 368 2442 Male
381 2386 489 2457 quidam
493 2389 618 2455 flabella,

669 2321 718 2370 πεῒς
725 2316 782 2379 μὶν,
797 2311 828 2365 ὧν
837 2315 860 2366 ol
867 2315 1091 2387 surripiet-ipsium
1100 2315 1187 2366 luitur

670 2397 742 2458 εἶχον·
755 2397 823 2453 πεζαὶ
833 2394 874 2454 αἳ,
889 2393 912 2443 sl
922 2392 1040 2456 pilleus-re
1050 2392 1074 2442 ἓν
1084 2401 1133 2450 τοῖς
1143 2415 1188 2444 se·-

115 2479 198 2522 contra
207 2468 288 2522 metri
297 2467 368 2538 leges
380 2477 408 2521 et
419 2465 550 2521 sermonis
558 2483 565 2519 ι
573 2463 621 2517 fla-

114 2545 174 2600 bella
186 2548 279 2609 enim,
296 2549 399 2599 tabella
421 2554 498 2599 erant
514 2564 529 2597 e
548 2544 620 2613 ligno

115 2626 166 2679 erili
177 2628 320 2690 consectae,
334 2644 399 2696 quas
409 2624 498 2679 arium
509 2623 620 2693 plumis,

114 2714 137 2758 et
154 2706 347 2759 rarissimarum
368 2703 498 2775 quidem,
523 2700 622 2755 indue-

113 2782 176 2837 bant.
186 2784 261 2855 Saepo
274 2782 355 2837 etiam
364 2784 392 2835 iu
404 2782 477 2836 hunc
489 2799 567 2833 usum
578 2800 623 2850 pa·

113 2880 205 2915 vonum
222 2860 314 2917 caudas
330 2858 546 2923 adhibebantnr3
570 2878 622 2913 nec

35 2978 36 3003 2
113 2937 622 3011 rsrovariipanniinunuml'ssciculum

35 3010 37 3023 ’
113 3020 176 3075 inter
187 3042 214 3076 se
225 3020 347 3090 colligati.
358 3018 464 3089 Duplex
476 3028 567 3071 autem
577 3016 622 3071 tta-

113 3098 235 3155 bellorunr
253 3098 324 3171 apud
343 3109 446 3153 ueteres
466 3116 544 3167 usus,
563 3114 622 3167 que

112 3188 136 3231 et
149 3184 272 3233 umbellas
288 3176 456 3248 adpellabant
465 3216 473 3243 ,
491 3194 538 3229 seu
556 3176 623 3229 aeris

113 3256 281 3328 refrigerandi
295 3275 387 3322 causa,
401 3273 448 3309 seu
461 3252 494 3307 ad
507 3254 622 3325 abigen-

112 3334 152 3390 das
164 3356 179 3390 a
190 3334 383 3393 somniantibus
398 3352 507 3387 muscas.
521 3332 623 3387 Geren·

669 2479 719 2533 ζσῖς
731 2471 891 2539 genestrulae.
903 2495 937 2508 -
948 2471 1045 2529 Τούτοις
1058 2473 1191 2525 ieslsrllsur

672 2551 763 2615 ᾗνίοχοι
776 2548 886 2617 siipesssi
905 2570 930 2602 rs
947 2555 988 2600 καὶ
1008 2554 1135 2624 συνωρίδας
1151 2557 1193 2604 xoel

668 2630 720 2685 esic
729 2625 849 2688 ἆζιύκτθυς
856 2631 937 2684 ἵππους
946 2627 1080 2685 Nullumne·
1090 2625 1141 2693 μεθ’
1152 2632 1189 2687 οὓς

670 2710 692 2760 el
697 2714 742 2758 τῶν
750 2705 887 2772 siilupssituu
896 2704 1065 2771 ἄγωνιςαὶτῶν
1073 2709 1191 2777 srxoipuu

669 2789 710 2835 καὶ
715 2785 870 2858 τῶνβαρὲων,
879 2784 904 2835 re'
909 2788 952 2848 utu
961 2786 1016 2835 etto
1021 2792 1091 2851 σῶμα
1096 2793 1190 2852 pepe-sol,

668 2862 699 2915 ssi
714 2864 738 2913 il
747 2867 799 2935 erpi
811 2868 853 2921 silv
863 2864 924 2913 otiu
936 2864 1107 2928 aelutrs'psrrst.

703 2939 743 3004 45.
756 2940 845 2990 Prima
855 2936 1007 3005 Iocoferiur
1014 2949 1064 2992 etc.
1076 2940 1189 2996 Efferu-

670 3012 770 3071 bantur
779 3012 903 3069 Deorum
915 3016 1056 3070 simulacra
1065 3018 1095 3070 in
1107 3018 1190 3072 then·
1269 3038 1272 3042 ’

669 3085 703 3145 sis
715 3103 742 3146 et
760 3092 883 3147 ferculis:
898 3104 956 3146 erat
973 3104 1065 3147 autem
1079 3098 1185 3160 thersa,

669 3170 822 3224 vehiculum
836 3173 924 3240 ipsum
937 3192 944 3234 ;
953 3173 1085 3241 ferculum
1102 3194 1184 3242 vero,

670 3248 783 3303 vehiculi
795 3249 945 3320 pulpitum,
961 3250 1004 3303 cui
1015 3250 1138 3306 Deorum
1149 3255 1188 3307 si-

670 3327 789 3382 mulacra
801 3328 984 3398 imponebant.
1001 3328 1064 3383 vid.
1076 3330 1147 3385 Fest.
1158 3344 1187 3386 et

113 3413 148 3468 slis
159 3434 189 3468 ac
198 3411 378 3469 custodiendis
386 3410 495 3465 flabellis
507 3412 624 3481 peculia-
673 3408 771 3461 Ascon.
784 3407 812 3459 in
826 3408 943 3460 Verrem
955 3424 999 3463 111.

113 3512 150 3546 res
161 3493 265 3548 ancillas
276 3490 411 3545 habebant
424 3530 431 3557 ‚
452 3508 542 3559 quasa
557 3508 622 3543 tnu-

111 3568 510 3643 nereipsostabellrserasvocari,
521 3570 623 3623 ePlau-

35 3652 36 3657 ’
111 3660 136 3703 to
148 3660 176 3704 et
186 3650 318 3705 Terentio
329 3648 484 3717 colligimus.

138 3731 178 3797 li.
198 3731 293 3797 Sparsa
304 3733 346 3780 esi
361 3729 522 3795 ir'bipulvere
533 3732 622 3781 uestri.

111 3805 198 3861 Sterni
213 3807 312 3860 solebat
327 3804 421 3859 Circus
433 3806 561 3858 ramentis
577 3805 622 3858 la-

110 3884 173 3954 pidis
182 3884 303 3949 candidi;
317 3882 363 3937 sed
372 3892 486 3937 stratum
494 3884 591 3947 minio,
607 3904 622 3937 a

112 3964 246 4036 Caligula3
264 3974 292 4019 et
308 3965 340 4017 ab
358 3964 456 4017 eodem
473 3974 500 4018 et
512 3965 621 4018 Nerone

111 4042 272 4114 aurigatnro,
286 4046 467 4114 Chrysocolla,
478 4042 506 4095 id
515 4053 567 4109 est,
576 4061 622 4096 au-

110 4132 165 4176 rato
177 4122 301 4193 pulvere,
315 4132 426 4175 narrant
443 4120 518 4175 Suet.
539 4119 623 4195 Calig.

111 4214 197 4264 mm
215 4210 243 4254 et
254 4200 323 4253 Plin.
338 4202 481 4266 xxx111,5.

703 3488 743 3557 47.
756 3489 881 3556 Neptuno.
894 3486 992 3541 Scribit
1003 3488 1079 3542 Suet.
1092 3488 1186 3546 Octav.

668 3566 753 3635 eapite
766 3581 833 3632 xvt,
849 3567 1000 3638 Augustum
1012 3567 1056 3622 die
1068 3566 1187 3623 Circen-

670 3648 759 3713 sium,
781 3646 853 3717 quod
871 3646 955 3717 pridie
975 3650 1033 3717 ejus
1051 3648 1103 3703 clici
1123 3668 1186 3703 cum

670 3726 802 3796 Pompeio
822 3726 909 3779 navali
932 3728 1078 3781 certamine
1098 3728 1185 3783 ‹timi-

669 3824 748 3871 cans,
762 3803 831 3858 mala
843 3815 1000 3875 tempestate
1012 3824 1074 3859 usus
1086 3807 1133 3871 sit,
1146 3828 1188 3862 so·

668 3882 751 3937 lemni
775 3902 880 3953 pompae
896 3888 1058 3937 simulacrum
1074 3888 1191 3956 Neptuni

669 3964 811 4014 detraxisse
823 3982 831 4014 .·
844 3982 874 4014 ex
887 3980 940 4030 quo
952 3972 1040 4031 patet,
1053 3964 1126 4019 inter
1135 3986 1187 4021 re-

668 4035 752 4107 liquas
765 4038 889 4091 Deorum
901 4042 1031 4109 imagines
1045 4040 1186 4097 Circensi-

668 4114 717 4169 bus
726 4116 846 4185 Neptuni
853 4136 959 4187 quoque
971 4120 1142 4175 simulacrum
1148 4125 1188 4176 al-

668 4194 732 4247 terri
743 4196 852 4249 solitum
861 4216 867 4251 :
875 4197 946 4268 quod
953 4217 1025 4254 nunc
1034 4199 1096 4254 dicit
1107 4203 1188 4269 Naso,

141 4276 181 4343 43.
194 4278 308 4345 Sedjaus
315 4296 411 4345 pompa
424 4280 500 4331 uenit.
519 4276 622 4345 Pompa
669 4272 774 4334 adludit
783 4275 886 4330 Julian.
898 4278 928 4331 in
944 4276 1100 4334 Cesaribus

227 4369 278 4437 II.

1010 4396 1046 4437 11
