3009 5000
359 464 599 534 nunaunt
627 467 680 532 11.
706 467 857 536 nnnc.
886 471 917 536 1.
1138 502 1182 568 7„

146 609 228 701 llla,
247 635 323 712 cpite
342 608 452 684 Danai
468 608 621 710 porticus
637 637 758 706 agmen
775 607 887 684 hahet.

103 729 281 816 ProtinuS,
300 744 340 802 ut
356 725 501 829 placuit,
519 727 612 816 misi,
632 728 828 829 scriptoque
843 728 969 822 rogavi.
1166 757 1183 808 ς,

146 843 338 946 Rescripsit
354 843 502 945 trepida,
521 871 581 918 non
598 843 684 929 licet,
706 842 766 918 illa
780 871 895 918 manu.

102 963 158 1051 Et,
178 989 241 1037 cur
257 989 320 1034 non
331 959 440 1048 leuat,
463 961 626 1061 qnaeceuti
644 959 776 1036 reddita
793 989 893 1036 causa
908 979 981 1052 est3

146 1077 255 1176 Quod
269 1076 411 1151 nimium
429 1075 574 1152 dominc
592 1105 672 1154 cura
688 1076 832 1154 molesta
849 1097 987 1156 tuaest

101 1195 135 1270 Si
151 1196 259 1298 sapis,
279 1223 301 1268 o
320 1211 451 1284 custos,
469 1193 606 1285 odium,
624 1194 840 1285 mihicrede,
857 1199 979 1272 mereri

143 1313 272 1387 Desine
289 1341 415 1413 :quem
431 1313 554 1388 metuit
568 1313 730 1416 quicque,
748 1316 877 1415 perisse
894 1315 999 1418 cupit.
1151 1357 1182 1396 so

99 1429 156 1504 Vir
172 1457 312 1531 quoquc
329 1457 400 1504 non
417 1429 554 1532 sapiens
571 1459 579 1504 :
596 1431 680 1532 qnid
695 1431 787 1506 enim
803 1459 934 1508 servate
951 1432 1099 1527 laboret,

141 1545 244 1620 Unde
261 1544 363 1635 nihil,
383 1546 535 1648 quamvis
552 1575 625 1622 non
642 1565 771 1640 tueare,
791 1551 905 1651 perit?

99 1661 160 1738 Sed
177 1681 273 1759 gerat
289 1660 346 1738 ille
361 1691 424 1738 suo
441 1692 571 1740 morem
589 1663 741 1744 hiriosns
759 1668 887 1756 amori;

139 1781 188 1853 Et
204 1797 351 1870 castum,
369 1778 487 1855 multis
506 1781 600 1882 qnod
617 1780 742 1884 piacet,
761 1811 834 1859 esse
851 1801 958 1885 putet

98 1979 189 2053 bylone
206 1991 278 2036 nato
295 1999 352 2034 uno
367 1981 396 2034 in
413 1979 494 2036 horto
505 1986 610 2051 Bagai,
697 2003 736 2038 ιο.
757 1987 839 2052 Quem
851 1990 1070 2058 mlssiqm'sqse,
1079 1991 1180 2057 petisse

98 2060 211 2114 itaenim
219 2069 317 2114 vocant
324 2059 478 2130 spadones,
487 2061 533 2130 qui
541 2061 612 2132 apud
634 2111 640 2124 ,
660 2067 739 2131 cupit
750 2062 860 2134 Legitur
865 2073 893 2118 et
901 2105 909 2133 ,
912 2071 1013 2133 penis,
1023 2067 1052 2120 in
1062 2069 1180 2138 quodam

98 2157 138 2193 eos
155 2141 239 2194 etiam
259 2157 438 2210 regnaverat·
459 2137 559 2192 Bunu.
578 2167 613 2180 —
661 2142 823 2212 exemplari:
837 2141 883 2197 sed
892 2143 959 2197 mihi
969 2145 1129 2215 probabilior
1139 2160 1181 2203 est

99 2217 175 2273 Recte
189 2217 300 2290 quidem
312 2235 461 2287 aeganem:
474 2217 613 2272 Eunuchis
661 2219 747 2288 prima
763 2219 859 2288 lectio,
879 2230 939 2274 tum
956 2222 1018 2292 quia
1033 2223 1178 2294 vetustior,

98 2298 167 2350 enim
177 2295 392 2369 gravissimarum
404 2315 497 2350 cecum
509 2306 613 2351 tracta-
661 2295 690 2351 e't
701 2297 790 2368 major
804 2299 939 2369 preterito
952 2311 1074 2370 tempore
1085 2303 1180 2372 expri-

100 2374 612 2446 tioccedebatur.ApudPharaonesp1-ae·
637 2380 643 2399 ’
660 2377 745 2430 mitur
756 2379 866 2433 affectus
882 2379 1044 2448 metuentis,
1062 2382 1108 2452 qui
1124 2383 1179 2452 jana

98 2453 505 2526 positnspincernisetpistorum
514 2453 612 2525 magis-
655 2461 767 2526 perit'sss
783 2459 872 2531 cupit,
893 2479 966 2531 quem
985 2467 1099 2516 metuat-⁶
1119 2473 1179 2518 tum

99 2544 135 2588 ter
149 2534 274 2589 Eunuchi
285 2534 411 2588 suerunt:
423 2534 611 2589 Hermotimus
660 2537 722 2605 quia
734 2536 786 2591 hoc
797 2540 925 2610 accepisse
936 2538 1044 2593 videtur
1058 2540 1130 2596 Naso
1147 2562 1180 2597 ex

98 2612 161 2683 apud
172 2614 292 2666 Xersem
301 2612 328 2665 in
338 2629 446 2667 summo
454 2610 558 2666 honore
570 2622 611 2667 est
660 2614 744 2669 Ennii
759 2616 900 2688 nagoedia,
918 2617 992 2672 unde
1007 2616 1103 2675 Cicero
1114 2620 1180 2675 iliud

98 2690 192 2747 habitus
203 2713 211 2758 ;
224 2702 252 2746 et
264 2692 331 2746 nihil
344 2710 402 2747 non
416 2692 503 2763 potuit
515 2702 542 2746 et
554 2692 610 2747 Ba·
659 2712 768 2749 cannen
782 2696 885 2764 adfert,
898 2695 979 2751 offic„
991 2714 1031 2767 11,
1046 2718 1078 2768 7:

98 2788 152 2839 poss
161 2769 231 2840 apud
241 2768 441 2838 Alexandrum,
455 2780 521 2824 teste
532 2768 609 2825 Curt.
659 2784 724 2835 Quen
734 2795 839 2838 mm,
849 2786 935 2827 stant
945 2800 951 2828 ι
961 2802 1022 2840 quan
1030 2790 1118 2843 quisqu
1125 2792 1179 2847 otis,

99 2864 121 2901 x.
132 2848 198 2918 Quis
208 2868 273 2903 vero
282 2848 367 2904 nexit
379 2858 479 2919 quanta
488 2859 516 2903 et
527 2868 609 2919 quam
661 2862 665 2867 '
718 2856 895 2907 panimxpetn.
1024 2857 1126 2899 mum·

99 2928 213 2982 insolenti
225 2927 310 2998 gratia
320 2946 383 2982 usus
393 2937 420 2981 et
432 2928 528 2981 abusus
537 2928 610 2983 Nan-
695 2948 734 2981 sa.
750 2929 983 2997 Undeniha'lpen't.
995 2929 1067 2999 Qua
1073 2932 1176 3005 integra

98 3004 168 3058 cissos
184 3002 267 3058 suerit
281 3045 290 3073 ,
318 3002 433 3059 Claudio
453 3015 482 3059 et
497 3006 608 3061 Nerone
657 3006 720 3077 ipsi,
733 3005 795 3060 licet
807 3025 863 3059 non
877 3026 982 3075 serves,
994 3021 1123 3081 sequetur.

98 3082 299 3154 imperantibus,
311 3084 357 3153 qui
366 3092 393 3137 et
402 3083 565 3153 Eunuchus,
578 3094 609 3139 nt
693 3086 731 3137 13.
748 3086 804 3137 Sed
812 3092 889 3153 gem!
902 3088 949 3141 ille
966 3104 1014 3139 suo
1024 3106 1118 3142 morena
1126 3090 1178 3158 sn-

99 3172 211 3216 nonstate
220 3162 305 3216 veteri
310 3162 329 3215 J
331 3160 448 3216 uvenalis
455 3160 606 3231 adtollaste,
656 3166 740 3214 n'om
750 3168 839 3215 amon'.
851 3162 894 3215 De
902 3181 1000 3231 sponso
1008 3183 1115 3235 semper
1125 3170 1178 3239 agi-

101 3238 127 3292 ιδ
136 3240 186 3296 Sat
197 3256 262 3309 xiv,
276 3240 326 3294 suh
334 3238 439 3295 finem?
452 3240 607 3295 Noctuinus
657 3248 717 3307 tur,
731 3234 814 3307 quein
815 3238 907 3307 surm
919 3238 996 3307 dicit,
1008 3260 1056 3294 seu
1068 3260 1175 3311 amore,

100 3320 170 3373 stiam
183 3320 297 3375 nuncin
309 3318 374 3375 aulis
387 3318 506 3375 Asiaticis
521 3320 605 3387 valet,
656 3333 703 3368 seu
715 3316 864 3389 zelotypia:
877 3316 1005 3387 utrinque
1016 3319 1091 3372 enim
1098 3320 1179 3389 sutor

101 3397 138 3465 qui
149 3396 200 3451 clus
213 3396 418 3452 Eunuchorum.
655 3393 735 3449 idem.

126 3477 223 3542 Allia,
233 3497 289 3547 que
297 3478 607 3545 Danafponicnsanmen
691 3477 730 3543 14.
749 3478 870 3541 Castum,
891 3480 979 3531 mltis
995 3482 1173 3549 quodplacet,

100 3554 174 3607 labet.
190 3556 330 3611 Ponticum
344 3554 475 3625 Apollinis
492 3554 606 3610 Palatini
655 3552 787 3608 meliores.
796 3554 834 3609 H.
847 3555 889 3609 lta
900 3566 928 3610 et
936 3554 1038 3611 Douste
1046 3556 1175 3611 codem·-

99 3634 228 3705 ntetligic,
240 3636 286 3689 ubi
297 3636 606 3707 stabantquinqnsginta
654 3636 723 3687 Esse
732 3640 816 3703 putet.
835 3635 922 3689 vetus
933 3645 961 3689 et
972 3636 1061 3689 verior
1076 3635 1174 3705 lectio,

93 3708 242 3768 flandum
251 3714 387 3785 imagines.
653 3716 711 3780 a'pse
721 3718 799 3780 putet
815 3733 823 3766 .·
840 3712 921 3768 hahet
939 3714 1013 3767 enim
1034 3712 1172 3783 emphasin

127 3794 149 3845 5.
164 3794 309 3864 &optoque
327 3798 421 3862 rogari
443 3792 488 3848 Sic
504 3794 606 3849 Putea-
652 3796 725 3859 lpse,
740 3792 813 3860 quasi
826 3790 942 3859 diceret,
957 3792 1051 3846 sentem
1063 3802 1090 3845 et
1101 3780 1173 3848 insi-

99 3888 158 3925 ιω
168 3882 194 3927 et
204 3872 246 3926 alii
258 3892 291 3927 ex
301 3872 469 3927 melioribus:
481 3873 604 3927 nonnulli
654 3867 730 3937 piens
747 3884 755 3917 ἔ
774 3886 840 3923 mm
852 3869 894 3923 alii
906 3869 957 3923 hoc
970 3888 1027 3923 non
1039 3881 1173 3939 putarent.

100 3958 196 4019 lmen,
207 3958 286 4008 naiso
297 3958 446 4024 scn'ptoqne.
460 3955 563 4010 Hsnss.
654 3948 968 4020 Msn.1nnuispudicsm
977 3970 1032 4005 esse
1044 3970 1101 4005 non
1109 3970 1173 4021 pos-

127 4028 151 4083 8.
163 4034 345 4099 Quodna'an'm
354 4036 463 4087 domine
474 4052 537 4086 cura
548 4050 605 4086 mo·
653 4048 691 4094 se,
699 4046 769 4097 que,
776 4029 838 4099 quia
846 4030 1036 4084 formosissima
1043 4040 1092 4097 est,
1099 4031 1172 4085 mul-

102 4106 161 4159 lesta
170 4116 214 4163 tan
226 4118 274 4166 est.
288 4110 395 4166 Cemeo
413 4110 602 4179 scribendum,
653 4107 687 4161 tis
697 4106 807 4177 placeat.
822 4108 896 4162 Hinc
907 4107 972 4162 illud
983 4109 1137 4164 iuvenalis:

104 4186 604 4245 lausannenminconcinnedn-
678 4198 1159 4249 .......nmm0m=annm,

105 4259 207 4333 'imque
218 4268 368 4336 geminetur
376 4270 427 4324 hoc
437 4268 557 4325 disticho.
566 4268 603 4323 H.
651 4271 841 4325 Aequumne-t
945 4275 1080 4327 anm-9³.
