3009 5000
328 445 372 509 80
619 441 659 504 P.
690 381 872 510 ovlntl
900 439 1132 512 NASONIS

327 574 418 650 Huic
434 573 558 648 furtiva
575 589 635 647 tno
653 573 792 678 libertas
809 604 947 652 munere
965 575 1080 665 detur3

379 690 492 788 Quam
509 689 640 766 dederis
658 689 725 781 illi,
746 693 864 767 reddat
882 691 995 767 utillo
1013 691 1087 767 tibi.

329 807 495 882 Conscius
513 835 584 882 esse
601 805 683 882 velis
700 837 709 881 :
726 807 864 882 domina
881 825 933 883 est
948 809 1098 884 obnoxia
1114 837 1222 886 servo.

376 922 542 999 Conscius
557 951 628 999 esse
642 923 739 998 times
754 953 762 997 ε
778 923 989 1000 dissimulare
1002 925 1095 1001 licet.

329 1040 462 1142 Scripta
477 1038 566 1136 leget
583 1062 696 1116 secum
713 1058 877 1116 :matrem
893 1042 1024 1119 misisse
1037 1059 1169 1145 putato.

376 1156 517 1232 Venerit
532 1157 672 1253 ignotus
690 1187 698 1231 :
713 1157 896 1258 postmodo
911 1176 1015 1234 notus
1034 1178 1096 1235 eat.

328 1273 400 1348 Ibit
416 1273 459 1347 ad
476 1272 659 1363 adfectam,
675 1302 749 1374 que
765 1301 837 1347 non
855 1273 1051 1372 languebit,
1070 1275 1210 1351 amicam

375 1397 511 1486 Visere3
527 1396 664 1496 judiciis
681 1424 769 1494 agra
785 1397 831 1470 sit
846 1396 905 1473 illa
920 1399 999 1474 tuis.

327 1519 366 1595 Si
380 1519 481 1595 saciet
499 1520 609 1608 tarde,
628 1548 670 1594 ne
685 1536 718 1594 te
736 1547 834 1594 mora
850 1519 954 1618 longa
965 1520 1106 1618 fatiget,

376 1643 542 1744 Imposita
559 1642 685 1740 gremio
704 1660 843 1718 stertere
859 1645 971 1720 fronte
988 1663 1098 1746 potes

329 1769 399 1843 Nec
418 1785 471 1857 tn,
490 1764 666 1862 linigeram
683 1765 756 1842 fieri
774 1767 858 1868 qnid
874 1768 984 1869 possit
1001 1767 1043 1842 ad
1061 1766 1153 1856 Isin,

379 1889 562 1989 Quaesieris
577 1918 585 1964 ε
599 1917 661 1965 nec
678 1906 718 1965 tu
734 1917 835 1965 curva
851 1889 981 1966 theatra
997 1890 1087 1965 time.

365 2109 404 2160 15.
421 2107 525 2161 henin
541 2108 655 2161 libertas.
673 2104 766 2174 Quam
781 2104 847 2174 tibi,
897 2104 1067 2178 Tranquillus
1075 2105 1156 2161 etiam
1163 2103 1196 2160 de
1204 2100 1408 2166 Otbonezssa·

330 2205 415 2256 quum
426 2185 538 2238 minime
550 2184 712 2254 speraveris,
730 2194 759 2238 et
773 2184 848 2254 quasi
896 2207 957 2256 cra,
969 2194 1065 2257 sequit,
1079 2189 1160 2241 etiam
1171 2185 1247 2240 Isidis
1257 2203 1328 2254 sepe
1339 2183 1367 2235 in
1376 2184 1409 2232 n·-

245 2273 248 2280 “
321 2266 416 2334 sumis
432 2263 550 2317 donabit.
568 2291 603 2304 -
619 2265 793 2316 Tuomuom.
813 2262 848 2316 In
895 2285 947 2319 nea
957 2265 1129 2336 religiosaque
1140 2275 1213 2320 veste
1224 2263 1363 2335 propalam
1371 2277 1408 2312 re·

330 2343 410 2398 oflicii
419 2341 505 2396 vicem
517 2340 589 2412 qnod
598 2341 633 2394 illi
646 2342 813 2412 prestiteris,
825 2341 849 2396 si
896 2343 1034 2398 lebravit»
1048 2344 1081 2398 ln
1090 2343 1208 2413 quodam
1219 2353 1312 2396 tamen
1323 2337 1410 2394 codice

331 2422 395 2494 qnid
408 2422 440 2475 de
453 2433 500 2477 tua
510 2420 645 2490 vigilantia
657 2421 798 2475 remiseris.
896 2421 1006 2493 legitur,
1017 2425 1179 2491 M'liperam:
1191 2439 1250 2490 qute
1258 2418 1338 2473 lectio
1348 2413 1411 2470 mibi

364 2500 656 2568 21,1br'tntadsectam,
669 2501 849 2569 praevolara-
895 2521 953 2557 non
972 2502 1091 2573 displicet
1103 2518 1111 2552 τ
1125 2522 1191 2556 nam
1207 2502 1268 2555 licet
1287 2500 1337 2565 Io,
1354 2514 1411 2567 que

326 2584 546 2651 gnebe'tstmr'cam
559 2581 651 2642 Wsae·
658 2578 849 2647 jadrensem
896 2591 988 2649 postea
1010 2584 1062 2633 Isis
1080 2580 1130 2635 dea
1149 2582 1218 2635 sacta
1236 2590 1296 2645 est,
1323 2574 1412 2630 Inachi

331 2664 369 2712 sr'l
377 2662 424 2711 ille
434 2662 494 2711 turi.
516 2658 582 2711 Hac
601 2655 676 2711 valde
688 2666 751 2711 sunt
763 2675 848 2710 men·
881 2721 883 2724 ¹
896 2658 971 2713 lluvii
984 2659 1091 2714 Achate
1103 2658 1157 2712 srlia
1169 2658 1264 2723 luerit,
1282 2668 1374 2709 tamen
1385 2661 1412 2705 et

331 2740 402 2794 dosa.
414 2739 511 2809 Scripti
523 2738 660 2808 plerique,
679 2739 734 2790 151¹!
746 2739 785 2790 ad
793 2739 848 2790 ad·
896 2739 958 2807 qnia
973 2738 1001 2793 in
1015 2738 1132 2809 AEgypto
1149 2735 1218 2807 apud
1231 2735 1326 2792 Nilum
1341 2732 1411 2803 pris·

323 2822 442 2888 strelam,
460 2816 519 2884 vel,
536 2816 729 2885 adadseclam,
747 2825 774 2869 et
786 2834 849 2884 pos·
895 2818 981 2871 tinam
997 2818 1114 2871 formant
1129 2816 1246 2885 recepit,
1270 2815 1362 2884 ibique
1379 2811 1410 2864 ab

330 2908 389 2964 tea,
408 2899 485 2950 Visa!
492 2902 521 2948 e!
529 2898 641 2948 indiciis.
653 2894 731 2948 Alter
742 2894 849 2948 Putea·
895 2897 1018 2968 AEgyptis
1028 2895 1172 2962 mlebatnr,
1181 2893 1244 2947 inde
1256 2893 1412 2963 geniture-

330 2994 413 3041 neus,
431 2976 505 3027 Vise!
512 2980 541 3026 et
550 2975 662 3027 indiciis.
675 2971 849 3026 Sarravianus
895 2974 975 3029 ditur.
995 2975 1162 3044 Quanquam
1177 2984 1204 3028 et
1221 2971 1322 3027 adhoc
1337 2969 1412 3023 saciat

329 3072 394 3108 cum
402 3052 517 3121 quattor
526 3050 597 3118 aliis,
612 3052 847 3121 totaquejudrent.
895 3072 991 3106 eorum
1001 3054 1107 3122 opinio,
1118 3053 1164 3122 qui
1174 3051 1299 3104 dixerunt
1313 3047 1410 3104 Isidem

330 3131 440 3193 Scribe,
463 3141 493 3183 ut
504 3128 677 3183 admisimus:
895 3131 970 3185 Jovia
985 3130 1097 3203 AEgypti
1117 3129 1186 3200 regis
1206 3129 1290 3183 filiam
1314 3127 1411 3191 fuisse,

328 3215 520 3265 ttius-ettennon,
534 3230 624 3269 qunnon
634 3215 835 3267 herveldensium
895 3209 1063 3280 eandemque
1085 3229 1149 3263 cum
1170 3207 1272 3262 Cerere
1288 3226 1362 3271 esse,
1382 3213 1413 3257 ui

355 3291 441 3329 Visere?
453 3290 536 3343 judiciis
542 3303 593 3341 tegre
602 3290 627 3328 sit
637 3290 671 3331 illa
679 3290 728 3329 tuis.
895 3287 1031 3343 Diodorus
1037 3288 1134 3343 mlbll.
1144 3288 1224 3342 ΜΔΕ.
1235 3284 1330 3340 Codex
1337 3285 1411 3337 Dou-

328 3368 383 3419 Ibit
393 3369 491 3429 oriem,
512 3374 552 3418 est
563 3362 723 3418 Graecismus
740 3362 847 3433 poetis,
895 3372 1116 3436 eae,larr1'5emm,
1129 3364 1413 3434 eumhocgtossema·

330 3444 445 3497 maxime
456 3443 615 3513 Propertio,
628 3441 771 3495 familiaris.
784 3441 821 3494 H.
894 3454 921 3498 te
934 3460 941 3493 z
954 3467 968 3491 a
978 3445 1136 3515 Lanigeram
1146 3443 1222 3509 dicit,
1236 3442 1298 3512 quia
1309 3442 1413 3495 Sacer-

364 3525 404 3578 23.
421 3523 632 3591 Sisacr‘cttarde.
646 3523 700 3577 Pro
712 3523 849 3591 Sacrifica·
894 3522 970 3577 dotes
989 3522 1064 3577 lsidis
1087 3521 1244 3577 deserebant
1269 3519 1413 3575 flosculum

328 3606 379 3667 bil,
394 3601 557 3671 explicabant
568 3601 662 3653 Dousa
671 3610 698 3653 et
706 3600 848 3653 Bersman-
893 3603 962 3657 lane
973 3621 1052 3672 supra
1067 3612 1146 3671 caput
1156 3619 1254 3668 suum,
1274 3600 1304 3653 in
1316 3598 1412 3653 bono-

329 3699 381 3735 nua
394 3720 402 3747 ,
419 3690 484 3735 nota
500 3680 574 3733 verbi
593 3677 793 3748 significatione.
811 3676 849 3731 Et
894 3700 954 3734 rem
965 3683 1023 3750 ejus
1042 3678 1106 3733 dee.
1120 3708 1153 3720 —
1165 3682 1240 3733 Fieri
1252 3680 1317 3749 queit
1325 3680 1416 3746 possit

329 3760 411 3813 fusius
423 3759 550 3829 explicat,
564 3755 635 3827 quod
648 3756 784 3825 sequitur:
893 3763 933 3815 ad
943 3763 1006 3813 isia.
1027 3756 1202 3828 Cujussaeri,
1216 3756 1278 3811 ideo
1297 3777 1327 3811 se
1348 3758 1413 3809 Ro-

354 3848 452 3889 Nesto...
460 3849 510 3901 fien'
518 3847 738 3905 quidpouttndtstn,
893 3858 982 3894 mana
1001 3838 1181 3902 addicebant,
1207 3855 1261 3907 quo
1287 3834 1413 3889 boentim

330 3922 446 3973 quatern.
894 3921 970 3975 omni
988 3931 1142 3990 stuprorum
1160 3919 1275 3991 generi,
1298 3918 1415 3971 obtento

364 3998 405 4049 25.
423 3997 576 4065 Lebigeram.
592 3994 665 4066 Quia
677 3996 734 4063 ejus
746 3994 848 4051 Saoer-
893 4000 1027 4070 religionis
1051 3998 1131 4065 velo,
1159 3995 1339 4068 indulgerent.
1368 3994 1413 4047 De

329 4072 405 4127 dotes
416 4072 493 4129 lineis
504 4076 619 4129 vestibus
629 4074 717 4129 induti
729 4075 848 4131 celebra·
896 4076 977 4133 Casto
1005 4076 1081 4131 Isidis
1101 4076 1192 4134 omnia
1209 4077 1264 4146 jam
1286 4075 1414 4147 vulgata:

329 4152 395 4207 bant
403 4168 410 4203 τ
418 4152 490 4207 unde
497 4154 579 4208 Mart.
585 4154 629 4208 lib.
635 4170 686 4219 ιιι,
694 4153 743 4225 Ep.
750 4175 794 4228 29,
804 4175 847 4231 ιρι
894 4155 1040 4225 Templum
1050 4165 1157 4223 autem,
1168 4156 1198 4213 in
1210 4154 1316 4226 Campo
1328 4150 1412 4208 Mar-

328 4239 414 4291 Linigeri
426 4240 584 4292 sugtmrutvi,
596 4240 713 4294 sistrataque
726 4242 793 4283 turba·
893 4234 945 4303 tio,
965 4234 1038 4304 juxta
1058 4233 1145 4289 Ovile.
