3009 5000
370 483 436 526 aao
647 471 688 534 P.
722 473 905 546 OVIDII
932 481 1160 559 NASONIS

367 603 465 677 More
481 622 616 705 patmm
633 609 737 687 Graio
754 615 868 694 velatae
884 623 1034 700 vestibus
1052 626 1138 706 albis

416 721 554 798 Tradita
569 731 747 829 supposito
765 738 888 813 vertice
906 769 1000 817 sacra
1017 745 1139 822 ferunt.

367 835 436 909 Ore
455 837 567 914 lavent
582 847 721 946 populi,
738 869 819 929 tunc
834 886 938 957 quum
951 862 1043 937 venit
1058 893 1157 942 aurea
1173 897 1298 973 pompa
1312 903 1321 962 ;

413 954 492 1054 lpsa
509 962 697 1040 sacerdotes
714 969 1002 1078 subsequiturque
1021 1007 1108 1056 suas.
1402 1019 1426 1070 tn

362 1067 488 1164 Argiva
502 1094 554 1150 est
569 1106 700 1184 pompae
716 1085 827 1163 facies.
842 1093 1095 1189 Agamemnone
1113 1129 1198 1176 caeso

411 1188 458 1260 Et
471 1190 579 1268 scelus
596 1214 631 1271 et
646 1201 773 1301 patrias
790 1205 879 1303 fugit
897 1211 1041 1290 Halesus
1060 1245 1152 1320 opes.

361 1302 503 1406 Jamque
520 1318 698 1411 pererratis
716 1323 883 1421 profugus
903 1345 1075 1434 terraque,
1090 1336 1260 1440 fretoque,

411 1421 539 1502 Moenia
557 1428 645 1508 felici
664 1439 819 1515 condidit
835 1443 902 1520 alta
915 1476 1028 1526 manu.

362 1532 423 1610 llle
440 1568 520 1616 suos
538 1545 655 1625 docuit
670 1554 821 1634 Junonia
836 1591 929 1641 sacra
945 1569 1105 1647 Faliscos.
1402 1601 1427 1654 35

409 1655 488 1732 Sint
503 1664 603 1756 mihi,
621 1671 691 1746 sint
707 1675 838 1778 populo
856 1709 989 1786 semper
1004 1689 1109 1764 amica
1125 1719 1197 1765 suo.

362 1871 429 1908 nens
442 1857 523 1926 alter,
537 1862 636 1934 Regius
646 1889 732 1940 unus,
743 1859 802 1928 'duo
814 1877 879 1932 Mo·
962 1885 1004 1938 30.
1016 1887 1087 1940 Suos.
1100 1887 1281 1962 Manuscripta
1290 1891 1344 1945 sere
1354 1892 1426 1946 omnia

361 1933 425 1999 reti,
433 1945 461 1988 et
467 1939 580 2008 tresalii,
588 1951 709 2012 leguntur.
716 1949 769 2004 Sed
778 1952 879 2022 hicpre·
929 1963 1087 2033 exemplaria
1099 1964 1214 2034 habent,
1228 1987 1292 2021 saras
1303 1987 1311 2020 .·
1323 1978 1351 2022 et
1360 1968 1426 2058 sicle-

360 2020 679 2091 munlarpraelerendum
693 2035 885 2090 tantamenim'
929 2038 1049 2109 gendum
1064 2061 1119 2096 esse
1136 2045 1249 2098 arbitror
1264 2065 1270 2100 :
1284 2065 1347 2101 nam
1360 2048 1427 2102 semt-

361 2090 418 2142 auri
430 2102 458 2145 et
470 2114 637 2164 gemmarum
647 2106 752 2175 copiam
762 2110 878 2182 indicat,
929 2135 976 2170 nas
988 2117 1043 2172 sere
1054 2119 1159 2174 Junoni
1169 2122 1313 2177 sacrificam
1326 2122 1427 2196 tegimur.

289 2198 291 2201 -
360 2177 390 2222 ut
401 2171 443 2223 vix
453 2173 571 2231 serenda
581 2181 721 2239 sufficiant.
731 2187 832 2243 nunu.
928 2193 1008 2250 Mtn.
1017 2199 1225 2272 consequiturque
1231 2203 1427 2258 Francosnrtem

395 2269 435 2321 ²7·
457 2253 643 2322 Morepalmm
665 2265 754 2318 Graio.
776 2270 874 2334 Grato,
928 2273 1019 2344 Junii,
1036 2276 1161 2332 Scriverti
1175 2290 1202 2332 et
1214 2280 1302 2351 plures
1314 2279 1364 2336 alti

359 2341 482 2400 excerpta
495 2331 626 2404 Puteal,
640 2338 767 2413 Scaligeri
785 2365 814 2399 ac
824 2348 877 2401 Jn-
961 2353 1427 2426 34Maarbfilicicondr'dr'lallmm.

358 2406 418 2459 reti.
429 2409 518 2481 Lege,
536 2415 618 2483 Grasia
629 2437 637 2470 s
650 2429 728 2491 atque
738 2423 775 2478 ita
784 2425 878 2483 Aruu-
929 2429 1012 2486 Recte
1025 2436 1095 2496 alta,
1113 2435 1176 2488 urbs
1194 2436 1291 2508 quippe
1303 2435 1331 2490 in
1350 2446 1427 2528 monte

359 2482 505 2556 delianus,
527 2503 557 2546 et
576 2514 626 2564 pro
644 2495 745 2555 diversa
764 2503 876 2561 lectione
928 2510 1029 2579 positu
1044 2510 1173 2582 ideoque,
1188 2514 1219 2581 6,
1235 2520 1310 2569 cletis
1321 2514 1427 2585 difficilis.

360 2566 532 2625 Sarravianus
543 2584 572 2627 et
582 2576 799 2639 Barberinianus.
815 2586 876 2659 Op·
927 2593 1148 2647 -Felreiautem
1153 2596 1429 2666 manu‚qul³mpf⁰⁸'

359 2646 440 2703 timus
458 2651 570 2708 Palatio.
583 2661 779 2729 Grejumrnox
793 2666 876 2740 diost,
927 2686 990 2737 pere
1009 2668 1109 2725 colonis
1131 2686 1259 2743 temerat,
1277 2684 1366 2746 υφῦῑθ
1380 2690 1428 2743 ‘1³¹²

282 2744 287 2753 ·
359 2724 715 2805 Arffr'raestpompaesacr'es.
925 2744 1055 2801 bonaare
1068 2748 1207 2820 auspicata.
1421 2834 1424 2843 .

393 2806 433 2857 28.
447 2808 646 2869 Tradt'la'sacra.
658 2816 879 2886 Quaelradidera!
960 2826 1000 2880 36.
1008 2829 1140 2883 Srirlmr‘hr'.
1149 2830 1277 2887 Francius
1283 2831 1430 2903 tegebatur

361 2880 497 2952 Halesus,
520 2908 606 2959 gracco
617 2912 693 2949 more
706 2898 876 2967 perficienda.
926 2908 1004 2969 mem,
1023 2912 1181 2977 sr‘lpopu105
1200 2930 1281 2982 quare
1299 2922 1325 2965 et
1340 2928 1428 2983 prooe-

393 2984 433 3038 ²9·
451 2970 696 3043 Oresarealpopulr'.
709 2980 877 3049 Farelpopu-
926 2983 1001 3039 denti
1008 3005 1084 3042 remu
1091 2990 1428 3063 Juaoatsoorrigebarm·

357 3044 399 3095 tus
408 3063 478 3100 unus
490 3048 615 3106 Politiani
626 3065 655 3107 et
664 3054 774 3114 Mureti.
788 3060 875 3130 Puto,
925 3070 954 3117 ta
966 3064 1087 3121 Francos.
1097 3077 1124 3121 et
1133 3070 1285 3125 Puteaneua
1295 3070 1372 3135 alter,
1385 3084 1427 3137 pro

352 3120 569 3195 fhrenlpoprlus.
581 3132 683 3191 Hunc.
925 3144 998 3199 varia
1008 3144 1131 3203 lectione.
