3009 5000
303 459 371 525 388
586 456 626 521 P.
659 442 844 521 OVlDII
869 450 1100 521 NASONIS

302 594 377 669 Etsi
394 594 503 696 turpis
515 592 597 681 eris,
613 592 762 667 formosa
777 592 930 667 videbere
946 593 1038 693 potis
1051 622 1059 681 ;

349 714 395 785 Et
409 709 554 784 latebras
570 708 661 781 vitiis
678 736 747 781 nox
765 707 859 781 dabit
876 708 949 809 ipsa
969 709 1047 782 tuis.

303 830 410 930 Carpe
427 826 522 901 cibos
539 824 671 921 digitis:
685 840 737 899 est
752 823 911 925 quiddam
929 841 1042 920 gestus
1057 821 1196 909 edendi3
1323 846 1372 914 755
1401 878 1403 881 -

352 944 424 1017 Ora
439 970 501 1015 nec
517 939 687 1015 immunda
704 956 775 1013 tota
790 966 939 1041 perunge
954 966 1065 1012 mann.

300 1062 390 1135 Neve
409 1058 498 1132 domi
513 1085 674 1159 praesume
691 1055 815 1157 dapes:
834 1073 868 1129 et
885 1054 1018 1143 desine,
1037 1053 1120 1128 citra

351 1177 463 1274 Quam
479 1175 589 1275 capies
605 1173 726 1275 paulo,
743 1202 843 1275 quarn
859 1191 958 1275 potes
972 1202 1061 1260 esse,
1074 1172 1200 1247 minus.

300 1299 484 1375 Priamides
500 1297 652 1371 Helenen
669 1295 763 1371 avide
780 1296 811 1370 si
825 1312 954 1397 spectet
969 1294 1141 1381 edentem,

350 1423 487 1511 Oderit3
505 1441 539 1497 et
555 1422 661 1509 dicat,
676 1419 780 1495 stulta
795 1398 913 1522 rapina
927 1447 1000 1493 mea
1017 1423 1087 1494 est!

285 1546 427 1647 ‚Aptius
444 1562 511 1633 est,
528 1544 707 1645 deceatque
725 1544 832 1639 magis
849 1560 967 1644 potare
984 1541 1129 1643 puellas:

231 1703 236 1713 ·
351 1670 438 1745 Cum
454 1669 594 1743 Veneris
609 1696 716 1769 puero
732 1696 804 1740 non
821 1666 926 1755 male,
943 1666 1091 1754 Bacche,
1105 1664 1195 1739 sacis.

302 1796 377 1868 Hoc
390 1819 542 1893 quoqne,
558 1820 625 1892 qna
634 1791 765 1892 patiens
776 1806 877 1893 capnt
888 1807 955 1877 est,
971 1790 1166 1889 animusque
1177 1768 1345 1891 pedesque

350 1917 539 1991 Constant:
553 1941 632 2001 nec,
652 1942 726 2014 quae
743 1914 812 1986 sint
829 1912 980 2008 singula,
995 1909 1075 1985 bina
1092 1911 1177 1987 vide.

301 2042 416 2141 Turpe
430 2040 542 2137 jacens
557 2036 692 2123 molier,
707 2033 816 2109 multo
832 2034 1015 2109 madefacta
1032 2036 1151 2136 Lyae03
1327 2056 1373 2127 765

351 2163 529 2263 Dignaque
545 2160 745 2235 concubitus
764 2156 936 2260 quoslibet
950 2155 1008 2231 illa
1025 2156 1106 2259 pati.

302 2289 372 2361 Nec
388 2284 517 2359 somnis
533 2283 644 2385 posita
658 2299 769 2357 tutum
787 2282 1004 2357 succumbere
1022 2309 1156 2355 mensa:

270 2396 277 2427 Ι

338 2492 394 2564 753.
406 2492 445 2544 E!
453 2492 481 2542 sr'
487 2492 567 2557 turpis
573 2491 631 2542 en's.
645 2486 733 2559 lege,
745 2488 814 2542 Etsi.
862 2492 927 2542 bau!
930 2485 1020 2558 dapes,
1028 2486 1090 2542 utin
1099 2486 1221 2542 convivio
1229 2489 1313 2544 aeibis
1319 2490 1373 2545 obs·

337 2573 393 2640 755.
401 2568 751 2636 Estpm'damgeslasedeadr'.
759 2566 814 2620 Diu
864 2565 1079 2635 tinercnt,qnod
1090 2567 1372 2622 nunemultaeseriuut.

304 2657 344 2702 est
362 2642 434 2728 quod
451 2642 505 2696 vidi
520 2646 640 2712 quiddam
656 2643 751 2712 reponi
767 2643 815 2698 de·
898 2645 1272 2713 758.Quaaacepr'espauloete.
1280 2645 1373 2700 Sensus

304 2727 383 2780 bere:
395 2722 466 2792 quod
478 2723 563 2791 prima
570 2720 652 2775 editio
657 2720 814 2789 confirmae,
865 2731 904 2776 est
916 2742 922 2774 :
935 2721 1040 2776 desines
1058 2722 1159 2788 (edere
1169 2722 1287 2794 scilicet)
1295 2732 1370 2782 catto.

304 2815 412 2859 eternus
425 2802 577 2856 Vaticanus.
866 2801 1020 2871 priusquam
1031 2802 1149 2872 ceperis,
1161 2806 1376 2874 quantumponis

338 2881 394 2953 75&
417 2881 483 2932 rota
494 2897 610 2947 pererret.
633 2880 716 2932 Tacta
734 2877 816 2933 Bern.
866 2879 1100 2946 caperessrenabis
1111 2877 1269 2950 edpetitum,
1280 2883 1376 2953 nephas

304 2959 534 3025 araperr'mrunda
544 2955 621 3010 Juuii
634 2960 816 3024 :recumbam
866 2973 921 3010 esse
929 2955 1055 3023 videaris,
1066 2975 1146 3025 quam
1153 2958 1271 3028 pueliam
1283 2960 1376 3016 deceat.

306 3033 497 3091 Ambrosianus
511 3031 584 3086 alter.
753 3083 756 3088 .
901 3036 956 3107 76³.
972 3038 1032 3089 Hoc
1042 3055 1148 3105 proque,
1167 3045 1325 3107 puapalr'eus
1333 3059 1377 3093 ce·

255 3115 259 3122 '
340 3117 395 3184 757.
417 3114 485 3164 Neve
506 3113 576 3162 dom'
591 3128 714 3178 pressare
730 3114 818 3180 dapes.
863 3120 966 3183 putate.
977 3115 1033 3168 Nec
1044 3113 1102 3184 plus
1112 3115 1194 3182 bibas,
1207 3135 1289 3184 quern
1300 3117 1375 3185 ferre,

309 3192 393 3244 Locus
404 3188 619 3260 perplexissimus.
629 3190 748 3244 Vetusto
757 3190 820 3244 edit.
863 3199 929 3261 pali,
940 3203 1025 3262 potest
1032 3203 1124 3262 caput;
1134 3193 1169 3248 ita
1177 3204 1207 3248 ut
1214 3195 1328 3262 animun,
1336 3215 1377 3266 pe·

306 3271 432 3323 Nevediu.
442 3267 753 3336 Sarravianusetseptem
762 3267 819 3332 alii,
869 3272 967 3342 deque
977 3279 1116 3336 coenan
1136 3285 1164 3326 et
1180 3291 1240 3343 quie
1250 3286 1315 3328 sunt
1324 3279 1378 3328 siu-

308 3350 376 3401 Nm
389 3351 471 3400 nebris.
489 3343 543 3398 Sed
559 3363 608 3415 pro
627 3347 731 3416 vulgata
749 3355 820 3399 stant
865 3356 944 3419 gula.
956 3370 1013 3405 non
1025 3352 1159 3420 sanctini,
1172 3355 1376 3420 uttemuleutae,

309 3423 464 3479 vetustiores
486 3423 565 3476 tibn':
589 3434 615 3477 et
634 3435 706 3477 recte
729 3424 820 3476 omnia
868 3430 1016 3484 videantur.
1029 3431 1127 3486 Monet
1135 3432 1247 3501 juvenes
1258 3453 1377 3504 quoque,

308 3503 477 3568 constabunt,
488 3501 508 3554 si
518 3520 577 3570 pro,
586 3505 634 3554 sed
640 3507 732 3564 destire,
742 3509 769 3554 et
775 3505 821 3554 de·
868 3509 912 3567 lib,
925 3509 953 3575 l,
969 3510 1033 3580 567,
1051 3529 1107 3580 sqq.
1126 3521 1156 3564 ut
1171 3511 1309 3566 Baecburu
1327 3532 1378 3582 pu-

309 3588 367 3636 sr'rre
373 3600 496 3652 reponas:
504 3583 659 3651 etsequenti
669 3602 745 3636 versu
755 3599 803 3651 pro
812 3621 819 3644 ,
870 3599 938 3642 mm
949 3626 955 3653 ,
969 3598 997 3640 er
1007 3595 1130 3642 nocem
1140 3608 1218 3642 sacta
1229 3602 1377 3658 precentur,

309 3668 412 3729 cupias,
434 3666 536 3728 capies,
558 3671 587 3712 ut
604 3658 631 3710 in
645 3660 729 3731 Regio
740 3671 779 3713 est
795 3669 822 3712 et
870 3669 1016 3733 alpheam
1025 3673 1204 3735 “palmea
1214 3674 1285 3722 viu,

309 3739 491 3807 aliisquatuor.
499 3737 590 3802 Multi,
597 3744 693 3804 cupite·
703 3739 821 3807 proxime
905 3746 960 3815 755.
983 3749 1065 3814 Turpe
1078 3749 1174 3815 phem
1185 3753 1290 3802 mlier,
1306 3751 1383 3802 ,lare

310 3838 412 3872 verum.
428 3821 590 3877 presumere,
606 3817 740 3884 ‹1¹¹0m0d0
752 3817 822 3887 apud
872 3824 976 3893 Aprosii
988 3837 1014 3878 et
1027 3825 1149 3880 Menteiii
1160 3826 1248 3894 priore
1261 3827 1307 3881 aed
1319 3845 1381 3896 per·

311 3897 429 3952 Plinium
441 3913 535 3962 xxxvi,
549 3899 823 3966 cap.42:Theophras·
872 3920 963 3973 peram
982 3918 988 3950 :
1006 3903 1099 3966 luceas
1122 3905 1231 3974 proprie
1249 3903 1282 3958 de
1301 3905 1380 3958 ebria.

310 3981 352 4027 tus
367 3983 521 4041 auctorest,
538 3982 640 4041 potores
652 3981 680 4027 eir
689 3982 825 4028 certamine
873 3982 959 4034 Varro
968 3979 1036 4049 apud
1049 3981 1187 4049 Servium,
1201 3981 1233 4035 ad
1245 3983 1318 4052 Virg.
1331 3981 1378 4040 lli.

310 4055 823 4124 br'beedipraesumeresarr‘aampumicum·
874 4059 981 4112 AEneid.
992 4059 1039 4112 53·
1054 4077 1060 4109 ι
1072 4065 1100 4114 in
1110 4065 1177 4114 lecta
1187 4061 1381 4129 tenulenmje·

313 4129 443 4198 Tangitet
450 4131 557 4185 damnat
567 4152 671 4186 morem
677 4135 825 4204 puellarum
873 4156 945 4194 cere.
966 4141 1065 4190 sobrebs
1082 4141 1190 4200 ubere,
1214 4155 1379 4192 consuescere·-

314 4209 507 4280 quarumdam,
524 4231 583 4279 quoe
597 4212 670 4266 domi
682 4234 826 4280 praesume·
876 4213 944 4268 Vide
957 4215 989 4268 ad
1003 4215 1123 4270 Petronii
1134 4235 1190 4288 cap.
1203 4231 1268 4272 κω.
