3009 5000
345 496 505 566 ARTIS
529 496 820 569 AMATORIAE
844 499 945 567 LIB.
971 504 1025 569 ΙΙ.
1151 502 1217 569 325

191 638 262 711 Nec
280 664 358 711 cava
373 638 501 711 vesanis
518 637 641 711 ictibus
659 666 723 711 aera
740 656 879 713 sonant:
917 634 921 645 ’
972 649 975 658 ’
1168 662 1220 716 oro

144 752 299 827 Attamen
315 752 481 829 internos
497 754 608 828 medio
623 753 949 845 versanturinusu;
1128 743 1133 756 ⁸

193 867 260 942 Sed
277 869 343 957 sie,
362 870 528 944 internos
545 887 586 943 ut
601 869 737 945 latuisse
753 869 868 945 velint.

143 984 221 1083 Ipsa
241 986 353 1059 Venus
367 986 509 1087 pubem,
527 986 659 1087 quoties
676 985 839 1073 velamina
855 987 974 1087 ponit,
1039 1006 1047 1019 ⁸

192 1100 385 1196 Protegitur
400 1099 479 1175 laeva
497 1101 716 1177 semireducta
731 1130 841 1177 mann.

143 1215 184 1289 ln
201 1216 313 1290 medio
329 1218 520 1319 passimque
537 1224 606 1293 coit
621 1248 745 1321 pecus;
760 1219 827 1293 boc
844 1245 982 1319 quoque
996 1216 1096 1308 viso,
1168 1238 1220 1292 ors

192 1334 324 1407 Avertit
337 1334 450 1409 vultus
468 1364 555 1437 seepe
571 1336 683 1437 puella
699 1364 790 1411 snos.

144 1450 358 1525 Conveniunt
372 1451 508 1526 thalami
525 1451 624 1527 furtis
642 1469 675 1526 et
690 1451 792 1552 janua
807 1451 952 1525 nostris:

191 1567 339 1668 Parsque
360 1567 424 1640 sub
443 1568 565 1667 injecta
579 1586 670 1643 veste
685 1566 845 1669 pudenda
860 1566 950 1643 latet.

142 1684 190 1759 Et
204 1684 233 1758 si
250 1712 320 1758 non
336 1684 504 1775 tenebras,
520 1703 555 1760 at
572 1684 732 1787 quiddam
748 1684 852 1759 nubis
865 1711 978 1787 opacae

192 1799 399 1898 Quaerimus3
417 1818 517 1903 atque
532 1800 659 1902 aliquid
674 1799 748 1876 luce
765 1816 900 1901 patente
915 1798 1038 1873 minus.
1166 1822 1220 1873 cao

143 1916 241 1989 Tunc
252 1942 516 2017 quoqne,quum
526 1914 631 1991 solem
642 1915 794 1989 nondum
803 1915 1008 2017 prohibebat
1019 1931 1054 1987 et
1063 1912 1206 1988 imbrem

191 2031 339 2129 Tegula,
357 2032 416 2109 sed
435 2060 576 2134 quercus
594 2050 681 2107 tecta
698 2032 879 2133 cibumque
894 2030 1013 2118 dabat3
1167 2041 1170 2048 ’

145 2157 185 2229 In
200 2183 334 2230 nemore
350 2173 450 2258 atque
466 2156 590 2243 antris,
608 2183 677 2229 non
695 2155 759 2230 sub
775 2156 874 2241 Jove,
889 2155 1002 2254 juncta
1016 2153 1178 2255 voluptas

193 2279 300 2351 Tanta
314 2275 391 2351 rudi
407 2275 537 2378 populo
556 2304 634 2351 cura
650 2275 791 2378 pudoris
808 2278 898 2352 erat!

143 2400 192 2473 At
208 2429 297 2475 nunc
313 2400 485 2475 nocturnis
504 2398 621 2473 titulos
639 2397 845 2500 imponimus
862 2397 962 2472 actis:
1166 2418 1219 2479 625

192 2526 306 2627 Atque
321 2525 442 2599 emitur
458 2553 581 2620 magno
596 2524 661 2614 nil,
678 2525 743 2598 nisi
759 2551 860 2626 posse
876 2523 981 2624 loqui.

144 2646 278 2722 Scilicet
294 2647 440 2722 excuties
455 2675 569 2722 omnes
585 2645 790 2752 ubicumque
806 2645 950 2748 puellas,

143 2865 190 2918 ubi
200 2865 303 2935 inquit,
316 2865 355 2916 Et
364 2867 473 2935 mystica
484 2881 584 2916 munus
596 2865 658 2916 Iao-
739 2864 798 2917 διδ.
814 2866 876 2930 Im
886 2865 1126 2928 Verumtamen.
1139 2861 1219 2931 Quis,

143 2948 194 2998 chi.
212 2945 278 2998 Haec
294 2944 368 2998 enim
386 2942 536 3014 purgationi
550 2941 657 3010 signifi·-
706 2941 789 2996 semel
800 2940 882 2993 modo
893 2937 1006 3005 viderit,
1018 2957 1075 2992 non
1087 2939 1174 2994 adbuc
1183 2941 1219 2994 vi·

143 3021 236 3077 candae
249 3021 439 3086 adhibebatur,
454 3031 483 3074 ut
494 3019 590 3073 eodem
600 3020 657 3074 loeo
706 3018 770 3072 dere
779 3039 807 3072 se
819 3017 950 3071 existimet
960 3017 1083 3070 eximiam
1090 3019 1220 3083 pudae'bm-

144 3101 264 3172 pluribus
275 3099 383 3170 explicat
392 3099 508 3153 Servius.
706 3101 745 3152 de
755 3095 1220 3166 {emmimaginenflenustegeue

177 3179 236 3233 fin,
255 3179 378 3232 Attamen
391 3181 513 3232 internos
525 3187 572 3230 ete
592 3176 657 3232 Sen·
707 3177 752 3246 qui
761 3176 848 3230 Deam
856 3175 1054 3245 ipsam‚eoquo
1061 3173 1218 3244 prebuitar·

145 3279 188 3314 sus
205 3269 245 3313 est
257 3278 263 3313 :
273 3259 295 3312 si
308 3258 421 3312 Veneris
439 3276 509 3312 sacra
523 3274 580 3310 non
595 3265 657 3310 aunt
706 3256 770 3309 tifex
789 3253 906 3324 corporis
924 3252 998 3318 situ,
1017 3250 1129 3305 mirifice
1151 3250 1218 3306 adeo

145 3351 201 3393 tam
213 3336 326 3404 occulta,
335 3347 380 3390 aut
392 3346 465 3390 tanta
475 3334 616 3406 mysteria,
627 3343 658 3386 ut
706 3331 877 3401 exprimunt?

148 3417 256 3471 Cereris
270 3426 297 3468 et
308 3414 419 3468 aliorum
432 3413 575 3466 numinum
583 3451 591 3477 ,
600 3429 657 3464 non
739 3408 797 3461 516.
804 3410 911 3461 Avertit.
921 3408 1024 3461 Avertit
1031 3403 1130 3474 negiu·
1136 3423 1219 3466 unus:

146 3497 226 3550 etiam
236 3495 273 3548 ita
281 3497 371 3563 aperta
378 3491 477 3546 debent
486 3509 553 3553 esse,
563 3500 594 3542 ut
601 3488 658 3561 Cy·
705 3483 752 3539 sed
765 3496 829 3539 tnnc
839 3492 898 3538 tuos
904 3482 1056 3553 legendum.

145 3577 231 3644 beles,
245 3575 291 3630 ubi
307 3594 404 3630 vesano
416 3572 533 3628 tumultu
544 3580 571 3625 et
582 3590 659 3644 cym-
740 3564 798 3636 5¹9,
815 3565 904 3615 Nutn.
923 3563 1015 3615 Noctis
1032 3559 1086 3614 duo
1101 3559 1178 3625 libri,
1192 3569 1220 3614 et

145 3654 209 3709 belia
226 3673 269 3707 nes
285 3653 386 3724 agitur3
399 3651 446 3706 sed
457 3649 556 3703 babent
566 3646 658 3718 quod-
678 3651 682 3659 '
707 3655 853 3715 praetem,
866 3649 942 3710 atque
954 3643 1031 3695 ate'xd
1040 3643 1097 3693 luce
1110 3638 1220 3693 vatica-

147 3732 210 3787 dann
221 3731 358 3797 medium,
371 3740 398 3783 et
409 3729 445 3801 ita
457 3728 586 3780 internos
596 3743 658 3778 ver-
707 3743 773 3791 nus,
785 3741 848 3778 cetxn
857 3720 942 3793 prima
954 3718 1080 3772 editione.

145 3822 239 3866 santur
251 3810 328 3863 obvio
340 3827 405 3875 usu,
419 3814 447 3862 tt
461 3805 583 3860 omnibus
594 3803 658 3856 vul·
740 3804 798 3858 lina.
815 3805 911 3856 Dabat.
923 3802 1033 3854 natat
1040 3796 1183 3852 Pronum
1190 3806 1219 3850 et

146 3901 224 3961 gato,
233 3897 265 3942 ut
273 3897 362 3940 tamen
375 3886 458 3940 velint
468 3885 603 3949 intereos,
613 3881 658 3951 qui
707 3878 942 3935 Franoolnrtens'u.

146 3968 225 4023 sacris
237 3965 279 4020 his
289 3974 453 4035 operantur,
468 3963 548 4016 latere
559 3999 566 4027 ,
577 3969 604 4014 et
615 3979 658 4014 se-
740 3959 798 4029 627.
814 3960 918 4012 Scilicet
931 3957 1052 4010 excxte'es.
1067 3951 1151 4006 Hune
1161 3970 1218 4006 ver

147 4056 253 4102 cretum
261 4043 312 4099 boe
323 4043 447 4098 horribile
459 4042 553 4113 perire.
565 4041 599 4093 ln
609 4040 659 4094 boc
706 4046 950 4106 aumetaequentes
958 4044 1012 4089 trec
1021 4031 1218 4102 interrogative,

146 4143 226 4180 versu
255 4123 336 4177 modo
363 4117 582 4192 subintelligenda
609 4136 659 4170 vox
708 4130 787 4186 atque
806 4121 926 4190 ιῐμιναῡς
946 4113 1022 4183 tego,
1035 4108 1218 4182 {exprobrandi

145 4211 235 4263 etiam,
250 4203 292 4256 rel
304 4209 396 4256 tamer.
406 4204 503 4254 Ictibus
513 4219 564 4250 era
571 4202 662 4250 sonent
707 4196 761 4248 sive
778 4189 933 4262 increpandi
944 4190 1036 4262 figure
1055 4187 1140 4258 Quasi
1152 4205 1217 4240 neo·-

148 4294 205 4339 erat
217 4284 246 4336 in
260 4281 361 4336 blor'eti
373 4291 400 4336 et
410 4279 527 4351 quinque
539 4275 602 4332 aliis.
611 4273 643 4330 Β.
708 4282 772 4328 neat
782 4281 860 4343 poeta
872 4269 983 4326 minime
996 4269 1048 4326 bot
1057 4286 1113 4326 esre
1124 4265 1219 4321 sacim-
