3009 5000
343 433 579 502 AMORUM
607 436 682 502 III.
714 436 863 506 ELEG.
898 439 995 506 XII.
1150 441 1215 505 215

140 563 319 640 Fallimur?
335 597 380 642 an
396 568 524 642 nostris
541 568 694 642 innotuit
709 567 768 644 illa
784 567 936 646 libellis?

183 681 238 756 Sic
255 699 348 758 erat:
366 683 505 779 ingenio
521 684 675 786 prostitit
690 682 748 758 illa
764 713 859 760 meu:

140 799 182 872 Et
194 797 335 885 merit0;
351 799 436 901 quid
450 801 540 875 enim
556 801 673 876 forma
689 801 856 902 praecunia
872 801 962 876 leci?

185 913 379 989 Vendibilis
395 915 494 1018 eulpa
510 915 598 991 lacta
613 915 726 1018 puella
740 943 814 991 mea
830 931 891 990 est.
1190 953 1220 991 ιο

142 1037 196 1114 tte
213 1036 352 1130 lenone,
369 1041 502 1144 placet:
519 1042 603 1117 duee
618 1071 688 1133 me,
706 1043 890 1144 perductus
908 1059 1045 1118 amator.

183 1168 294 1240 lanua
309 1194 372 1268 per
387 1183 521 1241 nostras
537 1185 589 1242 est
606 1167 764 1269 adaperta
780 1195 909 1242 manus.

139 1290 190 1365 An
203 1289 359 1392 prosint,
379 1289 537 1379 dubium;
555 1307 746 1365 nocuerunt
764 1291 909 1364 carmina
926 1317 1065 1390 semper.

182 1415 321 1490 Invidia
336 1416 464 1490 nostris
479 1414 538 1489 illa
555 1415 647 1490 fuere
666 1415 780 1491 bonis.

139 1538 252 1635 Quum
260 1537 406 1629 Theba,
420 1567 526 1641 quum
537 1539 642 1640 Troja
653 1538 782 1628 forent,
796 1567 900 1641 quum
915 1538 1054 1613 (issatis
1067 1553 1155 1626 acta,
1187 1559 1217 1611 ιι

179 1663 359 1758 Ingenium
376 1663 482 1737 movit
499 1661 572 1738 sola
588 1663 740 1738 Corinna
756 1691 878 1740 meum.

138 1785 268 1860 Aversis
284 1786 415 1860 utinam
434 1787 619 1882 tetigissem
637 1787 786 1862 earmina
803 1786 932 1875 Musis;

183 1909 335 1985 Pboebus
352 1930 386 1986 et
401 1913 587 2015 incoeptum
600 1913 810 1990 destituisset
827 1913 935 2013 opus!

138 2035 206 2110 Nec
222 2053 353 2126 tamen,
369 2054 410 2110 ut
425 2055 527 2112 testes
543 2067 618 2112 mos
635 2054 688 2112 est
704 2036 820 2112 audire
836 2053 971 2138 poetas,

186 2158 372 2235 Malueram
387 2161 500 2236 verbis
516 2161 653 2264 pondus
671 2162 790 2237 abesse
807 2160 900 2236 meis.
1184 2193 1218 2236 ao

140 2283 204 2358 Per
216 2312 281 2357 nus
298 2283 425 2385 Scylla,
443 2285 531 2387 patri
549 2314 651 2360 canos
665 2284 775 2360 firrata
793 2281 952 2386 capillos,

184 2405 280 2481 Pube
293 2408 416 2509 premit
430 2407 568 2482 rabidos
580 2408 848 2510 inguinibusque
864 2432 971 2481 canes.

136 2530 207 2604 Nos
222 2530 368 2633 pedibus
384 2560 513 2635 pennas
529 2533 700 2624 dedimus,
713 2562 778 2607 nos
793 2531 945 2607 crinibus
962 2554 1097 2625 angues.

135 2727 220 2779 solen
235 2728 351 2783 lalull?
370 2726 464 2799 virgil.
482 2726 573 2800 Edog.
595 2746 646 2798 m,
690 2732 807 2793 Forsal,
825 2728 910 2800 prima
922 2725 1016 2789 editio,
1028 2741 1091 2778 cum
1099 2720 1218 2792 quinque

138 2820 182 2873 ¹⁰⁷
194 2819 201 2855 ε
218 2806 344 2875 Phyllida
354 2807 426 2857 solus
436 2808 536 2861 lalelo.
547 2806 648 2862 Bulttt.
697 2809 800 2878 scriptis
808 2806 915 2863 :eadem
922 2808 1004 2857 Thebe
1012 2819 1117 2873 quoque
1125 2816 1217 2869 agnos·

168 2887 486 2952 moreaul-rolucus.
494 2890 646 2952 Perductus,
697 2887 735 2941 eit
744 2902 751 2935 ε
760 2898 839 2956 atque
852 2884 888 2937 ita
901 2884 1030 2945 Puteum
1044 2898 1131 2950 neque
1141 2877 1216 2931 aliter

137 2964 247 3021 Puteau.
261 2976 289 3021 et
301 2976 416 3037 quatuor
432 2966 494 3021 alii:
506 2966 569 3021 hine
581 2987 648 3035 per-
699 2966 809 3033 Statius,
818 2958 1118 3034 pluresqueerauliquis
1127 2957 1218 3026 siugu-

136 3048 259 3109 ductores,
276 3066 327 3117 pro
339 3047 495 3115 lenonibus,
510 3048 580 3118 apud
593 3047 650 3102 Cu·
697 3042 748 3097 lari
760 3060 884 3097 numero.
897 3042 1000 3095 lintis.

137 3127 223 3181 micu-
242 3154 278 3167 -·
297 3126 405 3196 Quibus
424 3137 515 3181 umen
537 3127 570 3181 in
586 3129 650 3185 toc'u
734 3145 772 3195 ¹7·
796 3124 911 3177 Aversis.
932 3122 1070 3173 (lullum
1088 3118 1214 3178 adverset,

137 3202 214 3257 etiam
222 3204 329 3275 proprie
335 3204 369 3258 de
375 3203 575 3276 captivispotest
581 3208 650 3277 capi,
699 3202 782 3258 editio
793 3201 892 3273 prima,
906 3196 1078 3263 Bersmanui,
1095 3203 1122 3248 et
1134 3191 1218 3247 codex

138 3278 226 3352 dequo
232 3281 294 3335 vide
303 3281 423 3337 Gronov.
430 3282 463 3336 ad
471 3283 527 3335 Liv.
534 3300 599 3351 xxx,
611 3306 649 3339 ιι.
698 3283 848 3338 Bes-nensis.
859 3284 1006 3347 Telae'ffissem
1015 3288 1103 3331 autern
1111 3275 1216 3344 elegan-

137 3360 275 3415 Productus
283 3360 328 3416 hic
337 3361 432 3415 maluit
440 3361 551 3429 Boura,
563 3373 594 3417 ut
603 3383 650 3433 pa-
698 3376 756 3418 ter:
770 3363 1039 3433 quodverbumputo
1046 3356 1215 3413 reddendum

136 3449 174 3494 tet
183 3462 215 3496 ex
226 3443 286 3511 ejus
296 3441 428 3497 adnotatis
440 3441 473 3495 ad
484 3442 531 3496 lib.
542 3457 573 3510 1,
589 3443 649 3497 Λή.
698 3440 835 3509 Martiali,
851 3440 896 3495 lib.
910 3455 960 3507 111,
976 3437 1052 3508 Epig.
1065 3436 1115 3489 38:

136 3518 196 3575 Am.
207 3523 265 3575 126.
281 3523 368 3576 lum.
697 3524 831 3566 sinitttttne
839 3516 1200 3575 vsuist‚sasgmrsruurmiuunubis.

168 3600 584 3671 13.Docuemlcarm'mempcr.
591 3600 649 3657 Etsi
697 3597 788 3669 Vulgo
795 3604 952 3667 pareculum
980 3594 1052 3665 quod
1067 3592 1174 3647 obvium
1186 3592 1214 3645 iu

134 3678 161 3731 iu
172 3680 298 3735 omnihus
309 3679 444 3749 impressis
456 3680 650 3751 exemplaribus
697 3676 747 3731 bac
758 3696 788 3730 re
797 3674 896 3730 librarii
908 3672 1083 3742 arripuerunt
1096 3670 1195 3725 Βυιιιι.

132 3755 168 3811 ita
178 3758 291 3829 legitur,
310 3767 426 3825 tamen,
442 3758 505 3829 quia
517 3757 545 3812 id
555 3778 649 3815 seusun
731 3758 888 3809 asemas.
898 3749 1039 3806 Posthuuc
1047 3765 1163 3815 versum,
1172 3745 1214 3801 in·

131 3836 221 3905 erigit,
229 3835 375 3907 legendum
382 3837 592 3908 ermanuseripti
601 3857 647 3891 co·
697 3832 803 3886 terserit
816 3832 923 3901 primns.
929 3827 1066 3883 Palatinus
1078 3841 1086 3877 z

134 3909 193 3967 (liis
200 3914 356 3968 amtoritate
363 3915 477 3969 omnino
483 3925 537 3983 al,
549 3918 648 3971 Nom·
720 3929 781 3972 Nune
788 3930 864 3969 husten
871 3928 947 3981 petitur
954 3940 1000 3967 sum
1008 3924 1090 3979 reliquis
1096 3923 1167 3964 avibus

132 3998 397 4045 wemmam.
413 3992 538 4047 Dubium
546 3992 590 4061 id,
603 3993 647 4047 in·
695 4003 1014 4057 Mmsryltmtsmnm
1020 3998 1215 4041 autumnum·

136 4066 647 4137 quiuminimeesscarminamihiotf
719 4078 776 4117 Pube
785 4077 919 4129 preminate·

135 4143 218 4201 fuist·
233 4147 314 4203 MA!-
694 4149 1043 4218 -caaossuraracaptllos.
1058 4150 1145 4211 Carus,
1158 4145 1217 4200 Pu-

170 4227 646 4299 15.Qm1uelo,qmrm121soret.
695 4221 1219 4299 tuametquinquealii,quodsit,ptetio·
