3009 5000
325 449 367 513 aa
607 443 646 534 r„
680 447 861 516 0v1u11
885 448 1116 522 Nasutus

373 589 487 689 Atque
506 583 604 659 ambo
623 581 768 675 domiui,
787 589 880 690 quod
897 591 1022 691 probat
1039 622 1125 680 una,
1145 597 1303 694 probant.

324 707 442 803 Quum
459 701 545 777 benc
564 703 615 777 vir
633 705 733 780 traxit
750 705 899 799 vultum,
918 736 1087 810 rugasque
1103 713 1232 808 coegit,

375 821 480 920 Quod
498 819 607 894 voluit
622 819 695 897 fieri
711 820 836 901 blanda
852 823 983 925 puella,
999 825 1089 902 sacit.

325 938 391 1016 Sed
409 958 518 1012 tamen
536 938 705 1012 interdum
720 956 830 1014 tecum
847 969 984 1043 quoque
995 943 1104 1042 jurgia
1116 963 1245 1035 nectat3
1273 1030 1283 1042 ,
1368 969 1399 1022 35

373 1059 418 1131 Et
435 1054 570 1130 simulet
584 1053 751 1149 lacrimas,
771 1059 1025 1160 carnificemque
1042 1080 1149 1137 vocet.
1254 1046 1266 1066 '¹

323 1175 378 1250 Tu
395 1192 512 1248 contra
529 1173 708 1271 objiciens,
729 1203 804 1276 quae
823 1193 898 1249 tuto
917 1175 1024 1250 diluat
1040 1177 1117 1268 illa,

374 1293 415 1365 In
432 1318 547 1365 verum
564 1287 648 1364 falso
666 1291 804 1368 crimine
823 1293 918 1367 deme
936 1293 1047 1368 iidem.

324 1408 380 1482 Sic
397 1408 460 1481 tibi
477 1435 608 1508 semper
623 1407 752 1496 honos,
774 1410 822 1483 sic
840 1408 905 1483 alta
922 1411 1065 1512 pecunia
1083 1429 1228 1486 crescet:

373 1527 454 1600 Haec
470 1523 555 1611 sace,
575 1541 610 1598 et
623 1525 743 1620 exiguo
764 1543 914 1626 tempore
933 1526 1111 1601 libereris.
1370 1550 1404 1618 ⁴⁰

323 1641 481 1744 Adspicis
495 1641 666 1716 indicibus
684 1671 787 1716 nexas
803 1670 863 1743 per
880 1642 967 1718 colla
985 1661 1137 1717 catenas:

372 1757 554 1860 Squalidus
573 1758 657 1833 orba
668 1757 734 1832 fide
748 1777 887 1860 pectora
903 1789 1015 1836 carcer
1028 1761 1143 1836 habet.

355 1953 396 2006 33.
418 1953 503 2006 Ambo
519 1953 622 2004 uniat
641 1948 713 2004 Nihil
729 1949 774 2004 tic
790 1971 838 2004 va·
887 1963 915 2006 et
926 1953 1044 2024 quinque
1062 1955 1105 2008 alii
1120 1954 1242 2021 codices;
1262 1957 1315 2011 nisi
1331 1957 1402 2027 quod

323 2028 840 2099 riantroclicesMariusexplicat,puella
886 2031 975 2086 Jureti
994 2045 1138 2104 excerpta,
1162 2039 1203 2088 sic
1222 2042 1282 2088 orta
1298 2040 1405 2104 peculia

323 2121 350 2165 et
365 2119 451 2163 custos
463 2107 598 2171 conscius;
612 2106 658 2162 sed
671 2126 723 2176 qua
735 2107 840 2161 ratione
886 2111 1331 2182 crescent.Legozse'ccndapecnlia
1339 2133 1403 2169 cres·

323 2187 461 2243 eunuchus
482 2186 558 2240 titulo
581 2189 681 2240 domiui
700 2186 841 2240 communi
887 2196 947 2242 cen!
954 2210 962 2241 .·
975 2190 1110 2258 quomodo
1121 2198 1198 2244 cudo
1208 2211 1250 2245 res
1261 2192 1334 2261 apud
1348 2193 1404 2246 Ho-

323 2290 386 2326 curn
398 2270 481 2323 amica
497 2267 588 2323 Ovidii
607 2267 726 2338 insigniri
741 2267 838 2336 possit,
886 2268 985 2321 ratium
997 2285 1047 2335 111,
1059 2267 1113 2323 od.
1126 2272 1180 2336 24:

321 2367 378 2402 non
391 2347 476 2402 video.
490 2345 562 2416 Lego
576 2346 681 2415 itaqua
911 2353 976 2391 cuna
983 2351 1255 2404 mtoquidmrmboet
1263 2355 1306 2406 nt,

335 2430 614 2486 Auuembodominutwd
620 2429 840 2480 mmmm·
887 2433 915 2478 et
933 2432 1032 2479 cartam
1050 2446 1116 2490 ress,
1134 2433 1207 2481 curta
1223 2431 1341 2492 tabella,
1356 2448 1405 2501 pro

326 2507 480 2576 Coniuncta
493 2522 574 2575 opera
590 2514 618 2558 et
635 2523 666 2557 ex
682 2514 838 2574 compacto,
887 2524 981 2575 parva,
993 2506 1021 2559 iu
1035 2507 1104 2561 Fast.
1116 2507 1160 2560 lib.
1172 2523 1213 2575 11,
1226 2510 1296 2575 408:

323 2588 421 2643 marito
442 2604 508 2639 uxor
530 2583 648 2639 adultera
672 2594 699 2638 et
721 2585 840 2639 conscius
912 2589 1313 2641 ¹⁴⁰¹¹tn¹¹¹²¹¹²st¹³⁶¹¹¹¹⁸t⁸¹³³¹¹⁸s⁸itt

323 2666 462 2722 eunuchus
482 2664 643 2736 persuadent
664 2663 746 2731 illud,
766 2664 839 2734 quod
886 2664 1332 2734 Peculetrproprieservorumsunt,
1339 2676 1404 2720 teste

323 2749 410 2821 puella
422 2746 543 2800 voluerit.
560 2748 672 2799 Probare
683 2749 768 2799 alicui
779 2744 840 2798 ele·
888 2741 968 2797 Pestu
984 2752 1097 2795 :notum
1109 2742 1174 2795 illud
1190 2744 1318 2815 principis
1335 2764 1406 2817 poe-

325 2846 388 2898 gaus
406 2825 512 2879 locutio.
527 2821 614 2877 Cicer.
633 2839 658 2890 1,
677 2822 786 2875 Verria.
804 2821 841 2875 6:
887 2830 996 2890 urum,
1016 2821 1106 2891 Eclog.
1118 2837 1146 2889 1,
1161 2822 1210 2876 33:

325 2926 338 2949 «
350 2902 446 2972 Quum
459 2902 501 2956 isti
514 2918 651 2956 sermones
667 2899 747 2968 hujus
765 2898 842 2952 modi
887 2904 1248 2956 Necepsstibercsttsms,nseem
1255 2908 1333 2958 penti.
1349 2909 1381 2947 fl.

325 2981 507 3051 dissipassent,
521 2978 624 3033 tametsi
629 2980 841 3048 pmtatacum·
887 2978 1405 3049 ExvestigiisPuteaneietJureti,cum

323 3068 446 3117 mitrietc.
460 3084 473 3109 s
486 3061 587 3115 Buris.
888 3076 942 3127 quo
958 3059 1019 3113 lacit
1037 3059 1288 3129 Francosurtensis,
1309 3062 1406 3116 melius

357 3142 397 3194 38.
415 3143 447 3193 In
464 3158 539 3199 uem,
555 3138 631 3207 salso
645 3141 751 3191 cnisr'rre
767 3138 840 3189 lesse
886 3134 1039 3207 legeretur,
1057 3145 1116 3189 arta
1123 3140 1240 3205 peculia.
1254 3150 1286 3192 ut
1300 3150 1407 3195 veteres

314 3225 405 3295 fidem.
423 3223 454 3275 Is
465 3240 549 3273 summ
565 3220 718 3273 Puteaueus
729 3237 735 3269 :
749 3228 838 3284 rede,
886 3217 1094 3286 scripsissemus
1102 3224 1183 3279 arcta,
1193 3216 1271 3271 docet
1282 3218 1405 3273 Broukls.

323 3303 344 3356 si
353 3302 478 3369 objiciam
486 3297 614 3367 superiori
626 3315 703 3349 versu
715 3314 839 3365 reponas,
887 3294 921 3348 ad
934 3293 1021 3347 Tibul.
1033 3295 1076 3347 lib.
1089 3311 1115 3363 1,
1129 3295 1201 3366 Eleg.
1214 3313 1248 3363 r,
1267 3298 1309 3350 53.
1326 3300 1406 3352 Altus

325 3398 375 3449 pro
382 3379 501 3447 objicies,
513 3375 563 3429 levi
571 3374 728 3428 mutatione.
739 3376 778 3426 Et
786 3378 844 3427 vm·
888 3382 977 3425 autem
997 3384 1025 3426 et
1041 3380 1114 3427 atrias
1131 3376 1226 3444 passim
1248 3394 1264 3429 a
1290 3376 1408 3431 librariis

325 3456 575 3513 Sacrariauustnou
583 3452 659 3505 male.
671 3452 841 3521 Possetquu-
886 3453 1002 3505 confusa.
1014 3452 1112 3507 Bursa.

326 3555 377 3607 que
389 3532 485 3602 refingi
498 3550 506 3584 ι
921 3532 962 3596 40.
975 3531 1110 3598 Hecsace
1121 3542 1170 3585 etc„
1182 3532 1254 3586 Sana
1265 3532 1349 3587 lectio
1359 3544 1408 3588 est.

324 3628 356 3667 'ru
365 3634 432 3665 min
442 3622 549 3675 ώῇὶείω,
557 3627 653 3673 quossis
661 3620 724 3659 titus
732 3620 780 3669 uu,
887 3610 957 3661 Face
968 3610 1088 3677 prosae,
1102 3620 1132 3661 ut
1142 3620 1224 3663 staret
1234 3630 1344 3679 versus,
1358 3630 1409 3680 po-

348 3702 372 3749 1,
380 3696 491 3739 vertitatis
498 3696 581 3735 ori-ta·
589 3695 646 3735 cen·
655 3694 720 3733 aden.
887 3688 947 3739 suit.
961 3688 1036 3740 Sicut
1048 3689 1076 3740 iu
1090 3687 1206 3757 Epistola
1217 3688 1350 3759 Phyllidis
1362 3708 1370 3741 ε

325 3773 393 3840 Vel,
408 3774 433 3835 Ι,
445 3790 539 3824 veram.
550 3769 650 3822 Huius.
665 3767 736 3837 Qun
747 3768 841 3823 ultima
913 3770 992 3823 P'uffi»
1004 3770 1046 3809 cm
1055 3781 1156 3822 ‘upana
1162 3773 1313 3823 nemim·-
1321 3782 1390 3813 tun·-

326 3852 432 3905 Heiusii
444 3851 596 3918 conjectura
608 3858 695 3917 posset
706 3868 738 3899 ex
748 3848 841 3901 Fran·
922 3848 962 3913 4¹·
972 3848 1097 3914 Adspicis
1104 3850 1233 3900 indicitur
1241 3857 1290 3901 etc.
1304 3848 1410 3903 Tentat

324 3929 419 3981 colurt.
437 3928 527 3982 codice
543 3926 663 3994 firmari,
680 3927 725 3995 qui
743 3926 839 3990 habet,
889 3924 1218 3979 nuuceustodemillorum
1226 3928 1354 3997 exemplo
1364 3928 1410 3981 de·

325 4004 352 4063 1,
366 4022 459 4055 uerum.
889 4014 1005 4071 terrere,
1016 4005 1060 4073 qui
1073 4024 1128 4057 non
1136 4008 1231 4060 servati
1240 4006 1342 4060 silentii
1350 4026 1412 4076 poe-

357 4082 398 4154 39.
416 4082 459 4134 Sic
473 4086 530 4135 altu
541 4088 653 4150 pecuniis
670 4088 775 4135 crescet.
798 4084 842 4136 Sc'c
889 4100 953 4149 nas,
970 4091 998 4135 et
1014 4083 1177 4152 gravissimas
1194 4084 1304 4153 quidem
1320 4084 1411 4138 ‹lede-

321 4163 379 4213 altu
388 4163 493 4226 peculia
509 4169 638 4221 crescent.
656 4163 756 4231 optime
777 4162 839 4215 Pu·
887 4172 959 4213 runt
973 4160 1051 4229 Quos
1062 4162 1133 4215 inter
1144 4162 1288 4216 Tantalum
1301 4173 1333 4217 et
1348 4164 1408 4217 Ar·

325 4246 452 4305 tesueus,
470 4257 531 4292 cum
551 4240 672 4307 ejusdem
693 4241 837 4309 excerptis,
888 4258 952 4309 gum
962 4240 1107 4309 praecipuus
1119 4240 1232 4295 adducit.
