3009 5000
301 480 466 553 ARTIS
492 484 783 556 AMATORIAE
809 490 907 558 LlB.
937 493 1014 560 Ill.

111 624 229 717 Longa
247 622 372 731 probat
389 622 489 697 iacies
505 624 624 725 capitis
641 625 834 703 discrimina
848 631 946 731 puri:

159 737 215 811 Sic
234 754 304 811 erat
322 739 449 813 ornatis
466 739 646 817 Laodamia
663 742 780 817 cornis.

111 854 280 948 Exiguum
297 882 426 927 summa
442 853 570 929 nodum
586 856 654 931 sibi
670 856 781 933 fronte
797 857 966 961 relinqui,

160 970 210 1041 Ut
227 986 363 1068 pateant
375 998 491 1059 aures,
508 998 567 1047 ora
582 972 729 1047 rotunda
745 973 876 1049 volunt

112 1082 263 1157 Alterius
278 1083 386 1158 crines
400 1085 540 1161 humero
556 1087 722 1185 jactentur
738 1106 907 1191 utroquee

160 1199 254 1274 Talis
269 1228 321 1291 es,
340 1201 512 1293 adsumta,
529 1203 660 1281 Plroebe
676 1234 813 1295 canore,
828 1206 909 1309 lyra.

111 1314 226 1390 Altera
243 1317 419 1391 succincta
434 1316 595 1414 religetur
609 1349 702 1395 more
720 1321 860 1410 Dianae,

159 1430 210 1505 Ut
227 1431 334 1522 solet,
349 1432 517 1511 adtonitas
536 1464 640 1537 quum
656 1437 743 1537 petit
758 1436 817 1511 illa
833 1436 931 1519 seras.

110 1546 199 1620 Huic
216 1546 311 1622 decet
326 1547 460 1625 inflatos
478 1548 549 1625 laxe
564 1551 707 1650 jacuisse
726 1552 887 1655 capillos:

155 1660 219 1736 Illa
236 1664 282 1737 sit
298 1662 467 1741 adstrictis
486 1664 699 1768 impedienda
716 1670 833 1744 comis.

111 1778 207 1851 lianc
224 1777 333 1879 placet
350 1780 463 1855 ornari
480 1782 647 1859 testudine
665 1784 845 1886 Cyllenea:

157 1893 331 1968 Sustineat
347 1894 472 1971 similes
487 1897 647 1975 lluctibns
662 1900 722 1975 illa
739 1902 845 1977 sinus.
918 1980 923 1989 ,

22 2000 29 2023 ’
110 2010 176 2085 Sed
193 2039 301 2112 neque
319 2040 448 2087 ramosa
465 2016 656 2091 numerabis
674 2017 710 2092 in
725 2014 803 2090 ilice
817 2016 976 2113 glandes;

159 2128 232 2200 Nec
248 2144 332 2227 quot
348 2156 427 2231 apes
445 2128 572 2230 Hyble,
588 2159 649 2205 nec
668 2149 752 2234 quot
769 2131 806 2204 in
822 2130 911 2232 Alpe
927 2130 1022 2218 ferae;
1144 2156 1190 2207 150

109 2242 179 2317 Nec
196 2242 279 2316 mihi
298 2260 349 2316 tot
366 2241 476 2318 cultus
493 2273 634 2321 numero
654 2246 891 2348 comprendere
908 2246 957 2321 las
974 2264 1045 2321 est:

143 2440 199 2511 137.
219 2440 308 2508 torpa
320 2443 415 2508 protae
423 2439 513 2509 sacres
532 2448 627 2512 capitas
711 2447 766 2516 ¹47·
789 2446 924 2497 Tesisaiirre
938 2447 1066 2516 Cyllenea.
1085 2443 1191 2500 Merula

109 2523 259 2574 discrimina
262 2525 328 2586 puri.
334 2519 521 2589 Discreti‚sine
529 2535 626 2577 ornatu
675 2523 708 2576 de
720 2523 832 2578 reticulo
845 2524 929 2595 capit,
941 2543 995 2593 quo
1011 2523 1190 2579 includeban-

109 2598 181 2665 ullo,
194 2617 247 2650 nec
257 2607 347 2650 tamen
359 2598 416 2652 sine
433 2609 505 2664 arte,
519 2601 604 2671 capilli
616 2641 623 2670 ‚
675 2612 719 2655 tur
730 2603 817 2656 crines
827 2621 834 2656 ι
843 2601 915 2673 qnod
927 2604 947 2657 si
958 2600 1053 2656 ‘verum
1066 2613 1113 2670 est,
1122 2601 1186 2658 illud

109 2681 225 2750 puellam
237 2677 346 2745 decent,
357 2679 399 2732 cui
411 2679 490 2733 iacies
503 2679 624 2752 oblonga.
672 2681 859 2747 reticrrlum‚in
867 2679 978 2734 modurn
986 2679 1190 2749 testudinis,ver·

110 2756 187 2810 idem
202 2775 294 2823 purnes
310 2764 403 2824 caprei,
423 2755 494 2824 quod
511 2757 623 2812 omnino
673 2761 757 2816 tieem
769 2763 859 2833 capitis
871 2773 899 2816 et
913 2762 1018 2832 capillos
1031 2762 1121 2816 texisse
1134 2762 1187 2816 de-

108 2832 223 2886 nudum.
240 2859 274 2872 -
287 2833 453 2887 Discrimina.
473 2831 535 2886 Vid.
551 2853 622 2905 supr.
672 2839 743 2902 tuit,
755 2850 785 2894 nt
792 2841 1037 2894 reterrercorrteern
1047 2843 1187 2894 testudinis.

110 2911 152 2965 l'rb.
167 2912 209 2978 11,
221 2911 278 2963 303.
674 2916 967 2983 Turnelr.rldvers.1v‚
982 2917 1189 2988 23‚suggestum

145 2991 202 3054 rio.
213 2989 250 3040 Ui
252 2993 367 3054 pateant.
376 2989 416 3041 Ne
419 2994 530 3057 paleari
534 2987 624 3042 Editio
673 3013 813 3048 comarum
820 2991 1023 3048 emundandum
1035 2994 1064 3047 in
1073 2995 1189 3047 sormam

110 3064 214 3138 Micylli
227 3075 256 3118 et
274 3083 366 3136 margo
383 3065 551 3119 Bersrnanni.
574 3067 625 3120 Sub
673 3076 810 3127 testudrrrr's
821 3072 938 3144 explicat.

105 3145 195 3215 fronte
204 3143 285 3197 etiam
297 3144 426 3199 schenert
441 3145 530 3200 codex.
710 3151 765 3217 κδ.
774 3153 827 3203 Hla
832 3156 913 3204 sirus.
922 3149 1056 3203 Jnnianus
1064 3159 1092 3203 et
1098 3147 1189 3204 Schel-

147 3226 203 3291 ris.
222 3226 311 3277 Crr'rres
324 3227 424 3278 heresem
429 3224 565 3293 pecientes·
576 3233 626 3279 ete.
673 3229 761 3295 serus,
775 3245 879 3294 corsa&
897 3239 928 3281 nt
945 3229 1084 3280 aristaeas
1103 3247 1190 3280 comas

111 3299 207 3354 Talem
219 3299 349 3370 Apollinis
369 3319 450 3354 unam
469 3312 497 3354 et
515 3302 625 3355 alterarn
674 3304 835 3377 intelligeret
851 3325 858 3359 ι
874 3305 921 3359 sed
941 3305 1088 3377 glossatoris
1105 3317 1145 3359 est
1162 3306 1189 3361 ‘ei

111 3399 142 3434 err
157 3381 274 3449 antiquis
285 3381 468 3434 monumentis
480 3381 625 3450 imaginem
674 3404 763 3437 eomas
770 3403 780 3451 ,·
793 3403 876 3453 qunrn
889 3389 962 3437 sinus
973 3395 1045 3438 recte
1063 3385 1144 3444 etiarn
1155 3384 1189 3436 de

113 3459 625 3529 deditBrouklr.adTilrnl.lll,El.1v,27.
674 3463 791 3517 crinibus
808 3461 999 3516 fluctuantibus
1015 3461 1130 3529 dicatur,
1143 3462 1190 3532 qni

145 3542 200 3606 145.
209 3541 278 3593 Huic
285 3543 358 3592 dece!
367 3543 470 3608 r'rrstaios
481 3549 529 3592 etc.
545 3539 626 3609 Egre·
674 3543 702 3595 in
714 3547 788 3596 stim
798 3541 910 3594 modum
923 3541 1042 3594 humeris
1057 3541 1188 3594 innatant.

112 3617 152 3688 gie
170 3617 287 3671 diversos
299 3617 347 3670 hos
360 3617 514 3688 capillorum
526 3617 625 3686 positus
710 3625 766 3676 150.
780 3623 871 3692 Hyble.
881 3623 973 3691 Hyblae
981 3619 1109 3673 editiones
1117 3619 1191 3690 prio-

109 3706 230 3748 recenset
238 3694 428 3763 Tertullianus,
440 3694 473 3747 de
484 3693 566 3748 Cultu
578 3695 626 3748 Fe·
675 3719 734 3765 τοις
748 3700 795 3754 sed
809 3701 838 3753 in
856 3699 958 3771 scriptis
978 3710 1018 3753 est
1035 3699 1134 3770 Hybla,
1148 3698 1190 3752 vel

108 3772 173 3824 min.
185 3787 226 3838 11,
243 3792 299 3842 7:«
309 3771 392 3840 Quod
403 3771 519 3826 crinibus
532 3772 624 3826 vestris
674 3781 761 3851 Hyele
777 3798 786 3831 .·
803 3797 902 3848 nempe
921 3777 1070 3847 praepositio
1089 3781 1118 3828 tr
1139 3775 1190 3830 huc

108 3851 242 3920 quiescere
251 3869 308 3904 non
320 3851 396 3918 licet,
407 3849 490 3904 modo
499 3851 626 3906 substric·
675 3855 755 3910 debet
768 3857 849 3909 etiarn
860 3857 963 3908 referri.
975 3855 1075 3908 Burrus.

110 3931 152 3998 tis,
162 3931 244 3984 modo
253 3930 476 3997 relaxatis,rrrodo
487 3931 625 3997 suscitatis,
711 3935 767 3986 151.
783 3935 840 3988 Nec
855 3935 921 3984 mihi
936 3937 975 3983 iot
990 3933 1073 3983 caitus
1089 3949 1190 3985 numero
1205 3998 1211 4004 Ὦ

111 4011 193 4064 modo
201 4012 284 4066 elisis:
295 4010 351 4065 alite
361 4003 476 4081 gestiunt
487 4012 514 4064 in
524 4011 627 4064 cincin-
675 4013 849 4079 comprendere
848 4009 899 4078 sas
905 4014 952 4061 esi.
962 4009 1189 4075 Toiposiiasrecte

110 4107 159 4143 nos
170 4110 309 4153 coercere:
321 4091 389 4158 alie,
402 4103 433 4145 ut
444 4091 502 4161 vagi
515 4102 542 4143 et
555 4089 626 4142 voln-
675 4088 734 4141 libri
748 4099 852 4141 veteres
872 4104 971 4156 magno
985 4103 1101 4139 numero
1114 4106 1121 4140 z
1136 4087 1187 4162 niq'

112 4187 168 4222 cres
180 4169 336 4236 elabantur,
350 4187 405 4222 non
421 4170 491 4223 bona
502 4167 628 4238 simplici·
676 4166 747 4237 quod
763 4167 881 4235 Regius,
897 4170 986 4235 posito
999 4185 1007 4217 .·
1022 4166 1107 4235 prima
1123 4165 1187 4218 edi-

113 4247 303 4320 tate.»supp.in
309 4247 363 4302 line
363 4248 519 4319 sociaeque}
525 4252 626 4304 scirem.
675 4246 727 4313 tio,
736 4249 851 4314 positos,
863 4261 927 4299 curn
934 4242 1035 4314 scriptis
1044 4238 1188 4299 nonnullis
