3009 5000
321 406 380 474 138
600 407 639 472 P.
668 405 847 475 OVIDII
872 405 1108 478 NASONIS

313 549 427 625 Verba
444 547 646 651 puellarum,
663 546 757 622 foliis
770 547 898 624 leviora
915 549 1066 639 caducis,
1364 582 1401 650 45

363 664 477 754 Irrita,
498 693 566 766 quo
583 663 691 738 visum
711 681 782 751 est,
801 683 921 740 ventus
939 683 974 741 et
988 667 1082 742 unda
1097 669 1220 744 serunt.

313 781 351 855 Si
368 811 434 882 qua
450 782 516 854 mei
531 798 641 856 tamen
658 798 710 856 est
728 781 765 854 in
786 799 818 857 te
835 781 895 882 pia
912 809 992 856 cura
1008 780 1136 873 relictl3

363 897 478 998 Incipe
494 894 656 998 pollicitis
673 895 795 970 addere
810 895 897 971 sacta
917 897 985 971 tuis
1000 927 1010 986 ;

314 1013 486 1114 Parvaque
504 1011 752 1114 quamprimum
769 1011 986 1114 rapientibus
1003 1013 1120 1088 esseda
1134 1017 1286 1106 mannis,

362 1133 442 1231 lpsa
456 1160 517 1232 per
536 1130 696 1206 admissas
712 1149 855 1205 concute
872 1127 946 1204 lora
960 1131 1071 1230 jubas.
1364 1155 1402 1208 εκ»

314 1246 363 1320 At
378 1275 454 1335 vos,
474 1276 541 1347 qua
555 1247 682 1338 veniet,
701 1247 823 1322 tumidi
839 1247 1005 1322 subsidite
1022 1265 1179 1337 montes3

363 1367 410 1438 Et
425 1363 538 1440 faciles
557 1365 667 1440 curuis
682 1365 827 1441 vallibus
844 1384 914 1442 este
930 1365 1011 1441 via!

314 1589 378 1635 tuos.
388 1573 606 1651 Legebaturolirn
615 1622 622 1650 ,
628 1601 720 1652 perque
730 1587 827 1648 oculos,
877 1583 929 1636 suit
941 1593 1004 1636 ante
1013 1580 1124 1636 casaris
1132 1582 1160 1635 iu
1169 1582 1339 1638 Britanniam
1351 1603 1401 1638 ex-

313 1667 479 1731 prircipum,
490 1667 559 1724 tuos,
570 1661 754 1716 subintellecto
766 1683 831 1733 pro·
879 1659 1042 1732 peditiouem
1057 1660 1122 1714 :sed
1141 1661 1173 1715 de
1192 1661 1222 1715 iis
1237 1661 1400 1734 intelligen-

314 1759 389 1793 uom.
399 1739 532 1808 me3quod
542 1750 571 1793 ut
582 1740 765 1794 duriusculum
772 1762 830 1796 res-
878 1740 963 1807 dum,
982 1741 1077 1810 quibus
1096 1739 1129 1792 ad
1148 1740 1200 1794 iter
1219 1739 1397 1808 faciendum,

314 1838 399 1888 pueris
413 1817 531 1886 Marius,
544 1839 559 1872 e
574 1821 741 1872 vetustissimi
754 1820 829 1874 codi-
876 1819 920 1872 vel
930 1838 1013 1872 onera
1024 1818 1190 1890 deportanda
1198 1819 1359 1888 utebantur,
1368 1831 1400 1874 et

314 1898 349 1951 ris
368 1896 540 1964 auctoritate,
559 1897 604 1967 qui
620 1917 694 1952 nunc
713 1898 827 1969 legitur,
877 1898 1001 1953 nondum
1014 1899 1053 1952 rei
1070 1898 1168 1952 bellicae
1182 1897 1400 1954 accommodatis.

314 1995 421 2030 versum
434 1976 556 2030 restituit
877 1980 1054 2031 -Mannun
1062 1977 1183 2030 Marinus
1190 1988 1231 2031 est
1239 1996 1323 2046 equus
1331 1977 1400 2031 bre-

349 2055 831 2124 45.Irrr'!aquour'suur.Quaor'sumes!
877 2057 952 2122 rior,
973 2074 1054 2130 quern
1076 2055 1154 2126 vulgo
1174 2059 1333 2118 aarum,
1353 2055 1399 2109 vel

315 2133 467 2186 Puteaneus
483 2151 489 2186 :
504 2144 597 2198 recte;
616 2134 666 2187 nisi
687 2134 760 2204 quod
779 2155 829 2204 quo
876 2133 1399 2202 Burr'chr'umvocantlsid.111,r.Grae·

314 2210 829 2282 malimzsupr.Eleg.v:Quoaaucm
876 2215 913 2268 cis
934 2225 973 2268 est
989 2222 1105 2290 Βουρίχος.
1127 2214 1174 2266 Du
1187 2215 1289 2282 Carpe,
1308 2211 1398 2266 Gloss.

311 2291 410 2356 mdcix
421 2291 526 2358 dissors?
543 2291 644 2344 Herus.
663 2292 728 2358 Qua
741 2296 772 2343 ut
780 2296 828 2342 oi-
876 2293 1053 2348 Ducebantur
1065 2313 1171 2364 quoque
1184 2315 1199 2348 a
1210 2293 1333 2348 mulabus
1344 2313 1398 2347 es-

313 2389 377 2434 sum,
384 2370 466 2424 codex
475 2371 828 2426 Doara-Verianum.
876 2377 955 2436 seda,
970 2383 1001 2426 ut
1016 2373 1094 2427 docet
1108 2371 1201 2426 Claud.
1215 2372 1352 2442 Epigram.
1362 2374 1399 2425 le

314 2450 368 2505 Hic
376 2450 447 2505 Naso
456 2448 633 2505 Catullianam
644 2451 716 2505 illam
722 2462 827 2505 senten·
878 2453 1000 2505 Mutatus
1010 2454 1131 2513 Galata,
1141 2449 1232 2505 Carm.
1239 2466 1276 2519 tt,
1283 2449 1379 2521 Epig.r
1390 2472 1397 2506 :

314 2529 379 2581 tiam
391 2530 530 2599 exprimit,
542 2528 632 2582 Garm.
645 2547 712 2595 ixx,
724 2530 757 2581 3:
876 2534 965 2585 Aduioe
974 2536 1079 2585 moriam·
1089 2534 1181 2573 moeni
1194 2534 1397 2584 umeri-‚tunm

401 2619 439 2659 sed
447 2618 518 2659 mittier
526 2620 599 2671 cupido
607 2620 660 2671 qued
670 2618 816 2668 dietrami,
909 2612 951 2662 50.
962 2611 1025 2676 Ipsa
1031 2611 1217 2675 peradm‘ssas
1227 2618 1276 2663 eto
1284 2610 1398 2662 Admis-

338 2694 363 2730 In
372 2700 458 2731 vantoet
468 2692 534 2743 rapide
545 2692 630 2731 scribere
638 2700 715 2744 oportet
724 2707 784 2745 aqua.
875 2704 922 2739 sas
929 2687 1027 2755 jubas,
1042 2706 1096 2755 quo
1110 2705 1191 2741 gensu
1208 2685 1323 2739 vidimus
1338 2688 1398 2739 ad-

313 2794 347 2805 -
357 2766 432 2819 Junii
445 2777 473 2820 et
492 2766 620 2822 tredecim
636 2767 695 2834 alii,
707 2774 734 2821 e!
747 2786 827 2820 anm:
876 2769 969 2819 uersos
980 2784 1074 2835 equos,
1086 2766 1116 2819 in
1130 2764 1213 2835 Epist.
1224 2780 1254 2831 t,
1267 2764 1309 2817 36.

314 2858 341 2902 et
355 2847 390 2901 ita
406 2847 550 2903 ediderunt
564 2846 666 2921 Grypb.
684 2858 711 2901 et
723 2848 827 2901 Bersm.
910 2845 950 2895 51⁴
967 2846 1007 2896 A!
1026 2862 1093 2906 vos,
1112 2862 1164 2912 qua
1183 2847 1283 2908 mmet,
1303 2844 1402 2895 tam‘di

313 2926 408 2981 Amor.
420 2944 448 2995 1,
462 2927 535 2998 Eleg.
546 2942 616 2993 vm,
633 2925 697 2979 rob:
873 2924 1108 2975 substituemus.
1119 2920 1307 2991 Prosopopoeia
1318 2919 1393 2973 :des-

337 3012 381 3053 Nee
389 3013 533 3053 tulerintuoeaa
540 3020 611 3049 venem
620 3018 695 3049 ctaun
705 3023 765 3049 nus.
775 3012 801 3050 tt.
874 2999 954 3054 cribll
962 3010 1053 3053 aulem
1062 3000 1162 3069 optime
1172 2999 1349 3069 Pelignet'ltm
1357 2998 1397 3053 Sl·

345 3088 386 3159 49.
397 3088 528 3153 Parvaque
538 3090 719 3155 quamprimum
728 3090 826 3153 rapten-
875 3090 951 3146 tum,
970 3078 1003 3133 ad
1025 3098 1090 3149 quos
1109 3100 1140 3133 ex
1162 3080 1229 3133 urbe
1251 3076 1395 3132 disceden-

313 3167 381 3217 tibus
397 3167 488 3217 esseda
504 3166 614 3217 mauris.
632 3164 695 3218 Fuit
711 3167 826 3217 essedum
875 3158 960 3224 tibus,
969 3158 1021 3213 nisi
1028 3159 1179 3225 montibus,
1189 3177 1218 3212 ac
1227 3156 1394 3226 valiibmpe-

314 3242 450 3312 quoddam
472 3243 585 3297 vehiculi
609 3262 692 3313 genua
719 3242 824 3309 bellici,
875 3237 999 3308 raptatis,
1013 3236 1136 3292 aocedere
1153 3255 1209 3289 non
1225 3234 1294 3289 lieet.
1309 3234 1393 3289 (ἕποι’.

313 3320 385 3391 quod
396 3341 411 3376 a
422 3322 510 3391 Belgis
522 3322 656 3392 primum,
668 3332 699 3373 ut
708 3319 824 3387 videtur,
873 3314 1393 3385 -Quaueaer'etbegituretiaminexem-

312 3403 459 3456 inventum.
469 3402 557 3455 Usum
568 3400 684 3454 Romani
693 3420 707 3453 a
715 3398 826 3453 Britan·
874 3395 1233 3468 plaribtupuamcuuuprque
1240 3403 1323 3446 reete.
1333 3394 1394 3458 Qua

312 3481 353 3535 nis
367 3480 519 3551 petierunt;
533 3489 615 3533 exstat
630 3490 721 3533 tanim
738 3474 825 3531 Cicer.
874 3470 1392 3543 adverbiumestsiguiticausperlocum

312 3558 345 3612 ad
360 3560 438 3614 attic.
448 3558 566 3629 Epistola
578 3560 633 3627 (vt,
647 3558 672 3623 ι)
685 3557 714 3609 in
727 3574 779 3624 qua
791 3554 824 3608 de
873 3574 960 3623 quun,
968 3550 1124 3605 adverbium
1131 3551 1258 3621 temporis
1264 3560 1315 3604 est:
1321 3560 1393 3603 utra·

309 3640 408 3689 essedis
413 3637 515 3691 mentio
524 3636 570 3691 lit:
580 3658 594 3683 κ
604 3636 657 3689 Hic
666 3632 768 3687 Vedius
777 3652 825 3686 ve·
873 3651 926 3701 que
938 3630 1016 3685 lectio
1027 3631 1151 3702 congruit
1162 3629 1258 3685 sensui.
1268 3629 1393 3682 Mau.-

312 3716 354 3770 nit
370 3716 436 3772 mibi
451 3716 557 3771 obviam
573 3734 637 3770 eum
655 3711 759 3767 duobus
775 3731 824 3764 es·
873 3712 915 3765 A!
925 3730 985 3772 vos,
1003 3719 1052 3763 etr.
1066 3708 1235 3780 Apostrophe
1248 3707 1349 3764 amoris
1366 3717 1394 3760 et

310 3798 407 3848 sedata
426 3796 497 3865 Que
512 3794 621 3866 quidem
635 3792 717 3866 Epist.
727 3791 824 3863 scripta
873 3788 1028 3844 deliciarum
1040 3788 1136 3861 plena!

728 3996 968 4024 ...ο-.-
